2992 4890
202 295 264 374 256
455 297 490 354 P.
519 295 722 354 CORNELII
748 294 890 354 TACITI
912 294 1144 354 ANNALIUM
1202 302 1396 370 [Auem.

204 457 354 521 lacrimas
379 477 485 539 neque
509 478 588 522 voce
611 455 765 537 supplex,
787 456 982 539 compressis
1005 456 1089 519 intra
1111 455 1217 529 sinum
1242 455 1396 518 manibus

203 561 376 643 gravidum
394 571 521 624 uterum
544 561 683 624 intuens.
728 559 914 623 serebantur
930 570 964 623 et
978 559 1086 641 spolia
1101 558 1264 622 Varianae
1282 557 1431 632 cladis,6

204 662 367 744 plerisque
382 683 493 726 eorum
509 665 565 747 qui
582 673 652 727 tum
669 663 701 727 in
722 663 924 726 deditionem
946 662 1120 725 veniebant
1138 662 1279 742 praedae
1295 660 1394 723 data:

203 765 301 830 simul
326 765 481 849 Segestes
506 767 586 848 ipse,
611 766 726 847 ingens
751 765 823 829 visu
853 776 886 828 et
913 766 1071 829 memoria
1097 764 1204 827 bonae
1227 761 1396 826 societatis

175 867 386 948 sinpavidus.

247 974 306 1040 58.
330 971 441 1035 Verba
457 972 527 1036 eius
547 972 579 1033 in
600 969 686 1035 hunc
707 973 843 1035 modum
863 970 973 1034 luere:
996 976 1080 1034 ‘non
1101 970 1154 1033 hic
1174 968 1253 1031 mihi
1269 968 1397 1051 primus

204 1094 282 1155 erga
309 1073 466 1155 populum
493 1074 678 1138 Romanurn
705 1072 779 1137 fidei
804 1084 838 1137 et
863 1075 1069 1138 constantiae
1092 1073 1171 1136 dies.
1215 1092 1258 1135 ex
1284 1091 1351 1153 quo
1376 1087 1432 1140 aa

204 1178 282 1241 divo
293 1176 449 1259 Augusto
461 1178 592 1241 civitate
606 1177 747 1240 donatus
758 1197 841 1254 sum,
853 1177 977 1241 amicos
994 1177 1209 1258 inimicosque
1224 1195 1268 1239 ex
1279 1174 1396 1238 vestris

204 1279 401 1343 utilitatibus
423 1279 542 1363 delegi,
558 1299 663 1363 neque
685 1281 764 1344 odio
786 1280 913 1363 patriae
928 1278 1064 1362 (quippe
1087 1279 1271 1360 proditores
1293 1279 1394 1341 etiam

162 1382 245 1446 reiis
260 1404 343 1465 quos
358 1392 563 1463 anteponunt
579 1383 671 1445 invisi
687 1380 785 1468 sunt),
799 1403 913 1447 verum
936 1383 1013 1463 quia
1030 1382 1190 1445 Romanis
1207 1380 1395 1444 Germanis·

205 1504 270 1566 que
295 1485 383 1548 idem
407 1485 589 1550 conducere
612 1499 645 1549 et
670 1506 785 1567 pacem
808 1506 908 1569 quam
932 1485 1055 1548 bellum
1079 1485 1270 1566 probabam.
1315 1502 1431 1565 ergon

206 1597 372 1669 raptorem
389 1587 474 1651 filiae
493 1609 594 1664 meae,
608 1588 801 1652 violatorem
818 1587 957 1652 foederis
975 1588 1082 1660 vestri,
1098 1587 1287 1651 Arminium
1302 1587 1392 1667 apud

204 1689 340 1766 Varum,
355 1692 411 1772 qui
435 1700 504 1754 tum
528 1691 688 1755 exercitui
711 1692 929 1774 praesidebat,
945 1711 1035 1755 reum
1059 1690 1129 1754 leci.
1174 1689 1296 1754 dilatus
1319 1709 1434 1772 seg-e

206 1792 287 1857 uitia
302 1793 403 1869 ducis,
417 1795 493 1875 quia
509 1813 625 1876 parum
642 1794 793 1875 praesidii
812 1794 845 1857 in
866 1793 994 1877 legibus
1012 1804 1091 1868 erat,
1107 1804 1144 1857 ut
1160 1812 1214 1855 me
1231 1802 1263 1855 et
1280 1790 1395 1854 Armi·

163 1897 295 1972 1511111111
319 1906 351 1959 et
374 1897 522 1960 conscios
539 1897 675 1961 vinciret
694 1896 858 1980 flagitavi:
883 1897 976 1961 testis
995 1896 1050 1959 illa
1068 1917 1147 1969 nox,
1169 1895 1248 1958 mihi
1267 1896 1394 1959 utinam

205 1998 315 2081 potius
331 1999 522 2062 novissima!
546 2019 632 2080 quae
647 2010 760 2063 secuta
780 2010 865 2071 sunt,
883 1998 995 2063 defleri
1020 1999 1124 2081 magis
1143 2018 1243 2081 quam
1263 1996 1431 2068 delendis

205 2111 363 2183 possunt:
391 2112 535 2165 ceterum
559 2112 594 2164 et
616 2101 709 2165 inieci
732 2112 864 2166 catenas
886 2101 1042 2165 Arminio
1065 2112 1098 2165 et
1121 2121 1141 2164 a
1165 2099 1305 2165 factione
1327 2099 1398 2162 eius

205 2204 341 2267 iniectas
358 2223 529 2287 perpessus
544 2225 627 2267 sum.
658 2215 759 2287 atque
774 2205 830 2268 ubi
847 2204 988 2286 primum
1001 2204 1048 2268 tui
1062 2203 1167 2286 copia,
1178 2213 1289 2268 vetera
1304 2203 1397 2267 novis
1412 2222 1432 2274 ο

202 2315 239 2369 εὶ
255 2307 366 2388 quieta
381 2307 520 2371 turbidis
535 2305 731 2380 antehabeo,
745 2327 852 2390 neque
867 2310 911 2372 ob
928 2307 1188 2390 praemium,sed
1206 2317 1242 2368 ut
1258 2325 1311 2369 me
1324 2325 1397 2387 per·

162 2432 193 2469 20
206 2407 284 2472 lidia
299 2409 478 2484 exsolvam,
494 2409 590 2472 simul
614 2410 704 2492 genti
729 2410 971 2475 Germanorum
996 2411 1131 2474 idoneus
1153 2410 1355 2485 conciliator,
1370 2409 1397 2470 si

206 2512 444 2593 paenitentiam
468 2533 568 2595 quam
591 2514 767 2595 perniciem
791 2514 953 2578 maluerit.
997 2534 1057 2596 pro
1081 2513 1212 2576 iuventa
1235 2523 1268 2576 et
1291 2525 1432 2580 errore'l

206 2613 262 2678 lilii
293 2615 423 2679 veniam
450 2633 584 2698 precor:
619 2616 720 2680 filiam
748 2618 943 2681 necessitate
976 2618 1039 2680 huc
1070 2617 1249 2679 adductam
1283 2614 1397 2680 fateor.

205 2727 300 2783 tuum
313 2720 374 2782 erit
384 2717 577 2795 consultare,
588 2729 698 2783 utrum
712 2720 909 2800 praevaleat,
922 2721 1012 2800 quod
1026 2739 1070 2781 ex
1085 2717 1237 2781 Arminio
1248 2719 1399 2800 concepit

206 2841 247 2885 an
269 2822 360 2903 quod
385 2842 428 2884 ex
452 2840 506 2884 me
529 2823 640 2902 genita
663 2821 732 2886 est?
779 2823 901 2886 Caesar
924 2822 1078 2887 clementi
1106 2841 1262 2904 responso
1289 2820 1434 2883 liberisss

163 2944 192 2996 ²⁵
207 2925 465 3007 propinquisque
480 2924 550 2987 eius
566 2923 836 3001 incolumitatem,
852 2926 913 3010 ipsi
928 2928 1042 2989 sedern
1057 2936 1168 2989 vetere
1184 2925 1215 2985 in
1233 2923 1400 3005 provincia

244 3110 283 3148 ar.
299 3098 439 3162 permitiem
453 3097 520 3148 Med.
532 3099 549 3149 l.
561 3099 705 3163 constantly.
813 3114 852 3163 ²5·
869 3052 966 3149 ueteres:
985 3099 1072 3148 Vetera
1086 3100 1117 3162 (c.
1130 3114 1170 3161 45,
1186 3097 1211 3162 1)
1223 3097 1275 3160 Jac.
1289 3097 1367 3147 Grou.

239 3215 263 3259 4.
281 3201 371 3245 bonae
391 3200 543 3252 societatis,
565 3195 688 3247 ‘alliance
707 3198 779 3247 suitb-
862 3199 960 3246 18.1111
983 3201 1073 3254 eopia,
1097 3202 1194 3245 ‘necess
1216 3206 1243 3245 to
1265 3196 1342 3259 you’:
1372 3210 1400 3243 so

207 3261 268 3324 sully
279 3261 356 3325 kept,’
368 3261 419 3310 lilre
432 3269 437 3289 ¹
448 3262 513 3310 bonu
525 3259 602 3318 tides:
614 3266 660 3311 &c.
827 3263 895 3313 ‘eiua
910 3263 984 3326 copia
993 3261 1097 3320 ’‘Plaut.
1116 3261 1184 3310 Trin.
1203 3275 1225 3322 3.
1244 3274 1265 3316 a,
1279 3275 1308 3322 45
1320 3276 1325 3317 ;
1343 3260 1399 3310 Ter.

201 3329 207 3344 ⁰
239 3328 262 3374 8.
280 3329 397 3375 ulvltate
409 3330 537 3375 donatur.
555 3328 594 3376 On
608 3326 649 3375 tlte
662 3327 779 3376 bestowal
826 3327 927 3376 Pborm.
956 3341 975 3375 r.
1003 3341 1025 3382 a,
1048 3327 1095 3387 ⁶33
1123 3326 1216 3374 oltener
1242 3327 1302 3373 with
1328 3330 1399 3374 ‘con-

207 3391 235 3441 ol
243 3391 285 3440 the
294 3396 300 3419 ‘
309 3388 409 3440 civitas'
420 3392 451 3455 by
461 3392 501 3440 the
529 3392 623 3456 rinoepa
636 3407 676 3440 see
687 3392 780 3440 Introd.
827 3392 953 3442 veniendi?

207 3407 528 3518 mpffifflmmstX

240 3535 284 3574 ex,
304 3521 341 3568 ‘in
360 3521 510 3569 accordanee
530 3521 620 3579 witb’;
645 3521 782 3585 analogous
827 3521 868 3585 69.
880 3523 914 3584 5),
927 3523 985 3585 only
996 3520 1053 3570 here
1065 3520 1113 3569 and
1126 3536 1149 3580 4.
1164 3533 1201 3578 11,
1214 3536 1236 3584 5.

208 3591 236 3634 to
248 3590 292 3633 ‘ex
305 3584 441 3641 sententia,'
455 3591 499 3634 ‘ex
512 3585 596 3642 more,'
606 3591 651 3636 &c
862 3599 899 3636 ar.
918 3589 1121 3643 paenitentiam
1138 3601 1222 3642 quam
1238 3588 1400 3642 perniciem.

236 3662 281 3726 .¹¹’
298 3653 463 3706 conducere,
483 3667 517 3700 sc.
535 3648 708 3734 ¹indicabam:
724 3666 781 3715 sup·
827 3651 881 3699 The
898 3650 1045 3726 alliteration
1062 3650 1119 3699 here
1138 3652 1188 3713 (cp.
1205 3666 1227 3700 c.
1240 3664 1281 3713 41,
1294 3651 1320 3712 4)
1338 3650 1401 3698 adda

207 3714 442 3830 {llzedombiysaicetggffp
450 3715 782 3844 ‘mssie'prglgl'ffiyuagq
828 3714 1402 3844 taitrtlhgtligrnitrlsetsrlrsrccgziierlvby’Niipplq'lzbii

208 3859 247 3908 cp.
260 3842 354 3892 Introd.
368 3859 390 3893 v.
404 3849 417 3903 ἱ
430 3845 469 3906 64.
828 3844 958 3893 rhetorical
975 3845 1051 3911 figure
1067 3845 1088 3892 is
1102 3846 1233 3908 especially
1245 3860 1359 3893 common
1377 3844 1400 3891 in

243 3921 280 3956 ra.
297 3915 455 3964 raptorem.
469 3947 474 3958 .
487 3945 492 3957 .
505 3913 680 3959 violatorem.
703 3909 783 3958 These
828 3910 870 3959 the
881 3909 1015 3958 Germania
1027 3910 1075 3958 und
1089 3909 1214 3972 Agricola.
1249 3909 1295 3958 See
1308 3909 1401 3960 Introd.

208 3973 408 4039 poeticalworda
424 3990 465 4023 are
482 3975 561 4023 suited
578 3975 782 4024 toarbetoricnl
828 3975 859 4023 G.
871 3990 897 4038 p.
912 3988 948 4024 1ο.
1138 4009 1143 4019 .

255 4053 322 4101 aege,
339 4038 382 4087 the
401 4037 491 4086 former
510 4041 582 4103 being
602 4040 659 4088 thus
679 4039 735 4088 used
759 4040 782 4087 in
862 4053 900 4100 ²3·
918 4044 1085 4099 praevaleat,
1099 4055 1133 4092 rc.
1146 4039 1226 4104 ‘apud
1239 4039 1294 4088 te':
1311 4055 1349 4104 cp.
1364 4051 1400 4088 ra.

209 4053 274 4152 Q
289 4117 311 4152 a.
325 4114 363 4166 27,
380 4116 407 4161 r;
423 4102 465 4151 the
477 4103 549 4153 latter
560 4105 650 4153 inLiv.
664 4121 686 4166 4,
703 4118 740 4166 19,
753 4117 775 4165 5.
826 4104 868 4169 64,
879 4105 902 4153 6.

522 3470 562 3518 91.
863 3469 899 3519 19.
916 3459 1080 3513 antehabeo,
1095 3471 1111 3504 a
1121 3471 1175 3504 new
1187 3455 1254 3504 word
1264 3454 1369 3517 <Introd.
1377 3470 1400 3502 v.

245 4179 282 4229 15.
299 4181 365 4223 nox,
377 4168 429 4218 that
441 4170 467 4217 ol
477 4168 519 4218 the
530 4169 645 4234 banquet,
657 4186 678 4219 c.
692 4183 730 4232 55,
746 4183 767 4228 3.
862 4184 899 4233 ²5·
918 4177 1013 4219 vetere
1024 4174 1056 4219 tn
1067 4173 1222 4226 provincia.
1241 4168 1294 4217 The
1304 4185 1401 4234 expres·

245 4230 281 4279 16.
299 4246 371 4289 quae
387 4241 490 4282 aeouta.
524 4234 587 4283 Thia
598 4235 783 4299 glanoesathis
827 4235 881 4284 sion
902 4240 989 4284 ‘vetus
1013 4232 1153 4299 provincia'
1173 4235 1353 4296 distinguishes.
1376 4235 1401 4281 in

209 4295 280 4346 abere
291 4297 316 4344 in
328 4295 468 4356 hostilitiee,
479 4313 507 4347 aa
520 4303 654 4350 ‘consensu
666 4301 746 4365 gentis
758 4301 783 4348 in
827 4300 886 4348 such
904 4315 971 4350 cases
988 4316 1015 4348 as
1027 4299 1111 4348 Africa
1124 4301 1159 4361 (3.
1175 4311 1212 4362 74,
1227 4300 1251 4361 5)
1264 4300 1312 4347 and
1327 4299 1402 4360 Sicily

209 4360 303 4410 bellurn
314 4361 421 4412 tractua'
435 4364 467 4428 (c
481 4377 519 4428 55,
533 4363 570 4427 4).
828 4365 893 4428 (Liv.
916 4378 954 4428 ²4·
972 4382 1012 4428 44,
1031 4378 1059 4424 ²3
1083 4379 1121 4428 ²5·
1141 4379 1164 4428 3,
1182 4368 1217 4429 5),
1235 4364 1277 4413 the
1297 4363 1403 4428 original
