<?xml version="1.0" encoding="UTF-8"?>
<!DOCTYPE html PUBLIC "-//W3C//DTD XHTML 1.0 Transitional//EN"
    "http://www.w3.org/TR/xhtml1/DTD/xhtml1-transitional.dtd">
<html xmlns="http://www.w3.org/1999/xhtml" xml:lang="en" lang="en">
 <head>
  <title>
</title>
<meta http-equiv="Content-Type" content="text/html;charset=utf-8" />
  <meta name='ocr-system' content='tesseract 3.04.00' />
  <meta name='ocr-capabilities' content='ocr_page ocr_carea ocr_par ocr_line ocrx_word'/>
</head>
<body>
  <div class='ocr_page' id='page_1' title='image "./annaliumabexces01tacigoog_0367.png"; bbox 0 0 2992 4890; ppageno 0'>
   <div class='ocr_carea' id='block_1_1' title="bbox 200 296 1389 374">
    <p class='ocr_par' dir='ltr' id='par_1_1' title="bbox 200 296 1389 374">
     <span class='ocr_line' id='line_1_1' title="bbox 200 296 1389 374; baseline -0.003 -18"><span class='ocrx_word' id='word_1_1' title='bbox 200 311 262 374; x_wconf 80' lang='lat'>350</span> <span class='ocrx_word' id='word_1_2' title='bbox 451 298 487 357; x_wconf 88' lang='lat' dir='ltr'>P.</span> <span class='ocrx_word' id='word_1_3' title='bbox 516 297 718 358; x_wconf 79' lang='lat' dir='ltr'><em>CORNELII</em></span> <span class='ocrx_word' id='word_1_4' title='bbox 745 297 886 357; x_wconf 83' lang='lat' dir='ltr'><em>TACITI</em></span> <span class='ocrx_word' id='word_1_5' title='bbox 907 296 1138 355; x_wconf 77' lang='lat' dir='ltr'><em>ANNALIUM</em></span> <span class='ocrx_word' id='word_1_6' title='bbox 1196 303 1389 370; x_wconf 61' lang='lat' dir='ltr'>[hucne.</span> 
     </span>
    </p>
   </div>
   <div class='ocr_carea' id='block_1_2' title="bbox 160 454 1439 2498">
    <p class='ocr_par' dir='ltr' id='par_1_2' title="bbox 160 454 1439 2498">
     <span class='ocr_line' id='line_1_2' title="bbox 203 454 1392 528; baseline -0.003 -8"><span class='ocrx_word' id='word_1_7' title='bbox 203 457 347 522; x_wconf 90' lang='lat' dir='ltr'>Romani</span> <span class='ocrx_word' id='word_1_8' title='bbox 371 459 511 522; x_wconf 86' lang='lat' dir='ltr'>nominis</span> <span class='ocrx_word' id='word_1_9' title='bbox 536 480 601 524; x_wconf 92' lang='lat' dir='ltr'>non</span> <span class='ocrx_word' id='word_1_10' title='bbox 626 459 845 523; x_wconf 85' lang='lat' dir='ltr'>Athenienses</span> <span class='ocrx_word' id='word_1_11' title='bbox 869 468 919 522; x_wconf 94' lang='lat' dir='ltr'>tot</span> <span class='ocrx_word' id='word_1_12' title='bbox 944 457 1094 522; x_wconf 83' lang='lat' dir='ltr'>cladibus</span> <span class='ocrx_word' id='word_1_13' title='bbox 1120 458 1311 528; x_wconf 86' lang='lat' dir='ltr'>exstinctos,</span> <span class='ocrx_word' id='word_1_14' title='bbox 1333 454 1392 517; x_wconf 88' lang='lat' dir='ltr'>sed</span> 
     </span>
     <span class='ocr_line' id='line_1_3' title="bbox 201 559 1391 627; baseline -0.006 -1"><span class='ocrx_word' id='word_1_15' title='bbox 201 560 383 626; x_wconf 86' lang='lat' dir='ltr'>conluviem</span> <span class='ocrx_word' id='word_1_16' title='bbox 409 561 498 625; x_wconf 90' lang='lat' dir='ltr'>illam</span> <span class='ocrx_word' id='word_1_17' title='bbox 523 564 693 626; x_wconf 89' lang='lat' dir='ltr'>nationum</span> <span class='ocrx_word' id='word_1_18' title='bbox 715 563 872 627; x_wconf 91' lang='lat' dir='ltr'>comitate</span> <span class='ocrx_word' id='word_1_19' title='bbox 894 562 995 625; x_wconf 89' lang='lat' dir='ltr'>nimia</span> <span class='ocrx_word' id='word_1_20' title='bbox 1018 561 1191 624; x_wconf 89' lang='lat' dir='ltr'>coluisset:</span> <span class='ocrx_word' id='word_1_21' title='bbox 1217 560 1279 624; x_wconf 86' lang='lat' dir='ltr'>hos</span> <span class='ocrx_word' id='word_1_22' title='bbox 1303 559 1391 623; x_wconf 91' lang='lat' dir='ltr'>enim</span> 
     </span>
     <span class='ocr_line' id='line_1_4' title="bbox 202 661 1392 742; baseline -0.003 -14"><span class='ocrx_word' id='word_1_23' title='bbox 202 684 272 728; x_wconf 85' lang='lat' dir='ltr'>esse</span> <span class='ocrx_word' id='word_1_24' title='bbox 295 665 497 729; x_wconf 82' lang='lat' dir='ltr'>Mithridatis</span> <span class='ocrx_word' id='word_1_25' title='bbox 519 667 674 730; x_wconf 86' lang='lat' dir='ltr'>adversus</span> <span class='ocrx_word' id='word_1_26' title='bbox 698 665 837 742; x_wconf 84' lang='lat' dir='ltr'>Sullam,</span> <span class='ocrx_word' id='word_1_27' title='bbox 852 663 991 728; x_wconf 83' lang='lat' dir='ltr'>Antonii</span> <span class='ocrx_word' id='word_1_28' title='bbox 1010 666 1166 730; x_wconf 89' lang='lat' dir='ltr'>adversus</span> <span class='ocrx_word' id='word_1_29' title='bbox 1186 664 1297 727; x_wconf 89' lang='lat' dir='ltr'>divum</span> <span class='ocrx_word' id='word_1_30' title='bbox 1320 661 1392 725; x_wconf 88' lang='lat' dir='ltr'>Au·</span> 
     </span>
     <span class='ocr_line' id='line_1_5' title="bbox 201 767 1427 850; baseline 0.003 -20"><span class='ocrx_word' id='word_1_31' title='bbox 201 777 334 849; x_wconf 89' lang='lat' dir='ltr'>gustum</span> <span class='ocrx_word' id='word_1_32' title='bbox 365 768 481 831; x_wconf 90' lang='lat' dir='ltr'>socios.</span> <span class='ocrx_word' id='word_1_33' title='bbox 527 769 627 832; x_wconf 91' lang='lat' dir='ltr'>etiam</span> <span class='ocrx_word' id='word_1_34' title='bbox 658 779 769 833; x_wconf 88' lang='lat' dir='ltr'>vetera</span> <span class='ocrx_word' id='word_1_35' title='bbox 798 768 995 843; x_wconf 85' lang='lat' dir='ltr'>obiectabat,</span> <span class='ocrx_word' id='word_1_36' title='bbox 1020 788 1104 850; x_wconf 89' lang='lat' dir='ltr'>quae</span> <span class='ocrx_word' id='word_1_37' title='bbox 1129 769 1160 830; x_wconf 92' lang='lat' dir='ltr'>in</span> <span class='ocrx_word' id='word_1_38' title='bbox 1193 767 1427 834; x_wconf 61' lang='lat' dir='ltr'>Macedonem</span> 
     </span>
     <span class='ocr_line' id='line_1_6' title="bbox 174 869 1392 954; baseline -0.001 -22"><span class='ocrx_word' id='word_1_39' title='bbox 174 870 401 954; x_wconf 70' lang='lat' dir='ltr'>sinprospere,</span> <span class='ocrx_word' id='word_1_40' title='bbox 430 871 588 935; x_wconf 91' lang='lat' dir='ltr'>violenter</span> <span class='ocrx_word' id='word_1_41' title='bbox 618 872 649 934; x_wconf 91' lang='lat' dir='ltr'>in</span> <span class='ocrx_word' id='word_1_42' title='bbox 681 892 757 934; x_wconf 90' lang='lat' dir='ltr'>suos</span> <span class='ocrx_word' id='word_1_43' title='bbox 786 870 945 948; x_wconf 77' lang='lat' dir='ltr'>fecissent,</span> <span class='ocrx_word' id='word_1_44' title='bbox 975 870 1118 935; x_wconf 79' lang='lat' dir='ltr'>offensus</span> <span class='ocrx_word' id='word_1_45' title='bbox 1152 871 1223 933; x_wconf 91' lang='lat' dir='ltr'>urbi</span> <span class='ocrx_word' id='word_1_46' title='bbox 1260 869 1392 952; x_wconf 89' lang='lat' dir='ltr'>propria</span> 
     </span>
     <span class='ocr_line' id='line_1_7' title="bbox 202 971 1391 1056; baseline -0.002 -20"><span class='ocrx_word' id='word_1_47' title='bbox 202 992 333 1055; x_wconf 89' lang='lat' dir='ltr'>quoque</span> <span class='ocrx_word' id='word_1_48' title='bbox 356 974 412 1049; x_wconf 90' lang='lat' dir='ltr'>ira,</span> <span class='ocrx_word' id='word_1_49' title='bbox 427 974 504 1056; x_wconf 89' lang='lat' dir='ltr'>quia</span> <span class='ocrx_word' id='word_1_50' title='bbox 527 974 748 1056; x_wconf 89' lang='lat' dir='ltr'>Theophilum</span> <span class='ocrx_word' id='word_1_51' title='bbox 769 975 934 1056; x_wconf 83' lang='lat' dir='ltr'>quendam</span> <span class='ocrx_word' id='word_1_52' title='bbox 956 974 1048 1036; x_wconf 87' lang='lat' dir='ltr'>Areo</span> <span class='ocrx_word' id='word_1_53' title='bbox 1071 973 1190 1036; x_wconf 92' lang='lat' dir='ltr'>iudicio</span> <span class='ocrx_word' id='word_1_54' title='bbox 1211 971 1283 1035; x_wconf 83' lang='lat' dir='ltr'>salsi</span> <span class='ocrx_word' id='word_1_55' title='bbox 1299 974 1391 1035; x_wconf 92' lang='lat' dir='ltr'>dam-</span> 
     </span>
     <span class='ocr_line' id='line_1_8' title="bbox 203 1074 1427 1158; baseline -0.001 -17"><span class='ocrx_word' id='word_1_56' title='bbox 203 1087 316 1141; x_wconf 87' lang='lat' dir='ltr'>natum</span> <span class='ocrx_word' id='word_1_57' title='bbox 341 1076 490 1158; x_wconf 89' lang='lat' dir='ltr'>precibus</span> <span class='ocrx_word' id='word_1_58' title='bbox 513 1078 581 1140; x_wconf 90' lang='lat' dir='ltr'>suis</span> <span class='ocrx_word' id='word_1_59' title='bbox 601 1096 666 1138; x_wconf 92' lang='lat' dir='ltr'>non</span> <span class='ocrx_word' id='word_1_60' title='bbox 689 1077 918 1140; x_wconf 87' lang='lat' dir='ltr'>concederent.</span> <span class='ocrx_word' id='word_1_61' title='bbox 962 1077 1052 1140; x_wconf 87' lang='lat' dir='ltr'>exim</span> <span class='ocrx_word' id='word_1_62' title='bbox 1069 1076 1279 1158; x_wconf 89' lang='lat' dir='ltr'>navigatione</span> <span class='ocrx_word' id='word_1_63' title='bbox 1295 1074 1427 1140; x_wconf 72' lang='lat' dir='ltr'>celeria</span> 
     </span>
     <span class='ocr_line' id='line_1_9' title="bbox 203 1178 1392 1262; baseline -0.002 -20"><span class='ocrx_word' id='word_1_64' title='bbox 203 1200 261 1262; x_wconf 91' lang='lat' dir='ltr'>per</span> <span class='ocrx_word' id='word_1_65' title='bbox 277 1179 441 1260; x_wconf 88' lang='lat' dir='ltr'>Cycladas</span> <span class='ocrx_word' id='word_1_66' title='bbox 455 1190 489 1242; x_wconf 92' lang='lat' dir='ltr'>et</span> <span class='ocrx_word' id='word_1_67' title='bbox 507 1180 702 1261; x_wconf 88' lang='lat' dir='ltr'>compendia</span> <span class='ocrx_word' id='word_1_68' title='bbox 724 1180 822 1242; x_wconf 90' lang='lat' dir='ltr'>maris</span> <span class='ocrx_word' id='word_1_69' title='bbox 842 1181 1033 1261; x_wconf 90' lang='lat' dir='ltr'>adsequitur</span> <span class='ocrx_word' id='word_1_70' title='bbox 1048 1179 1280 1243; x_wconf 89' lang='lat' dir='ltr'>Germanicum</span> <span class='ocrx_word' id='word_1_71' title='bbox 1302 1178 1392 1260; x_wconf 89' lang='lat' dir='ltr'>apud</span> 
     </span>
     <span class='ocr_line' id='line_1_10' title="bbox 203 1283 1394 1365; baseline 0 -21"><span class='ocrx_word' id='word_1_72' title='bbox 203 1283 339 1346; x_wconf 89' lang='lat' dir='ltr'>insulam</span> <span class='ocrx_word' id='word_1_73' title='bbox 367 1283 534 1357; x_wconf 87' lang='lat' dir='ltr'>Rhodum,</span> <span class='ocrx_word' id='word_1_74' title='bbox 556 1285 646 1347; x_wconf 92' lang='lat' dir='ltr'>haud</span> <span class='ocrx_word' id='word_1_75' title='bbox 669 1284 813 1347; x_wconf 90' lang='lat' dir='ltr'>nescium</span> <span class='ocrx_word' id='word_1_76' title='bbox 836 1284 957 1365; x_wconf 87' lang='lat' dir='ltr'>quibus</span> <span class='ocrx_word' id='word_1_77' title='bbox 980 1284 1247 1347; x_wconf 86' lang='lat' dir='ltr'>insectationibus</span> <span class='ocrx_word' id='word_1_78' title='bbox 1270 1283 1394 1365; x_wconf 86' lang='lat' dir='ltr'>petitus</span> 
     </span>
     <span class='ocr_line' id='line_1_11' title="bbox 160 1384 1394 1469; baseline 0 -22"><span class='ocrx_word' id='word_1_79' title='bbox 160 1410 190 1449; x_wconf 87' lang='grc' dir='ltr'>ιο</span> <span class='ocrx_word' id='word_1_80' title='bbox 203 1384 305 1450; x_wconf 87' lang='lat' dir='ltr'>soret:</span> <span class='ocrx_word' id='word_1_81' title='bbox 328 1387 386 1449; x_wconf 92' lang='lat' dir='ltr'>sed</span> <span class='ocrx_word' id='word_1_82' title='bbox 410 1396 502 1450; x_wconf 92' lang='lat' dir='ltr'>tanta</span> <span class='ocrx_word' id='word_1_83' title='bbox 525 1387 774 1450; x_wconf 87' lang='lat' dir='ltr'>mansuetudine</span> <span class='ocrx_word' id='word_1_84' title='bbox 797 1388 926 1469; x_wconf 90' lang='lat' dir='ltr'>agebat,</span> <span class='ocrx_word' id='word_1_85' title='bbox 949 1398 994 1460; x_wconf 92' lang='lat' dir='ltr'>ut,</span> <span class='ocrx_word' id='word_1_86' title='bbox 1017 1407 1091 1450; x_wconf 92' lang='lat' dir='ltr'>cum</span> <span class='ocrx_word' id='word_1_87' title='bbox 1114 1398 1186 1449; x_wconf 92' lang='lat' dir='ltr'>orta</span> <span class='ocrx_word' id='word_1_88' title='bbox 1213 1395 1394 1466; x_wconf 88' lang='lat' dir='ltr'>tempestas</span> 
     </span>
     <span class='ocr_line' id='line_1_12' title="bbox 203 1489 1393 1572; baseline -0.001 -21"><span class='ocrx_word' id='word_1_89' title='bbox 203 1499 332 1570; x_wconf 91' lang='lat' dir='ltr'>raperet</span> <span class='ocrx_word' id='word_1_90' title='bbox 350 1489 537 1572; x_wconf 88' lang='lat' dir='ltr'>inabrupta</span> <span class='ocrx_word' id='word_1_91' title='bbox 556 1499 732 1571; x_wconf 88' lang='lat' dir='ltr'>possetque</span> <span class='ocrx_word' id='word_1_92' title='bbox 756 1491 905 1553; x_wconf 90' lang='lat' dir='ltr'>interitus</span> <span class='ocrx_word' id='word_1_93' title='bbox 929 1489 1047 1552; x_wconf 91' lang='lat' dir='ltr'>inimici</span> <span class='ocrx_word' id='word_1_94' title='bbox 1071 1491 1112 1553; x_wconf 93' lang='lat' dir='ltr'>ad</span> <span class='ocrx_word' id='word_1_95' title='bbox 1137 1509 1248 1552; x_wconf 89' lang='lat' dir='ltr'>casum</span> <span class='ocrx_word' id='word_1_96' title='bbox 1272 1489 1393 1564; x_wconf 78' lang='lat' dir='ltr'>referri,</span> 
     </span>
     <span class='ocr_line' id='line_1_13' title="bbox 204 1592 1430 1674; baseline 0 -18"><span class='ocrx_word' id='word_1_97' title='bbox 204 1592 327 1656; x_wconf 86' lang='lat' dir='ltr'>miserit</span> <span class='ocrx_word' id='word_1_98' title='bbox 350 1592 491 1654; x_wconf 86' lang='lat' dir='ltr'>triremis</span> <span class='ocrx_word' id='word_1_99' title='bbox 506 1611 644 1674; x_wconf 91' lang='lat' dir='ltr'>quarum</span> <span class='ocrx_word' id='word_1_100' title='bbox 666 1593 811 1655; x_wconf 90' lang='lat' dir='ltr'>subsidio</span> <span class='ocrx_word' id='word_1_101' title='bbox 833 1592 1010 1655; x_wconf 91' lang='lat' dir='ltr'>discrimini</span> <span class='ocrx_word' id='word_1_102' title='bbox 1034 1593 1242 1655; x_wconf 87' lang='lat' dir='ltr'>eximeretur.</span> <span class='ocrx_word' id='word_1_103' title='bbox 1288 1603 1430 1673; x_wconf 65' lang='lat' dir='ltr'>nequet</span> 
     </span>
     <span class='ocr_line' id='line_1_14' title="bbox 202 1694 1392 1777; baseline -0.001 -20"><span class='ocrx_word' id='word_1_104' title='bbox 202 1702 314 1757; x_wconf 90' lang='lat' dir='ltr'>tamen</span> <span class='ocrx_word' id='word_1_105' title='bbox 339 1695 507 1777; x_wconf 87' lang='lat' dir='ltr'>mitigatus</span> <span class='ocrx_word' id='word_1_106' title='bbox 526 1694 610 1771; x_wconf 88' lang='lat' dir='ltr'>Piso,</span> <span class='ocrx_word' id='word_1_107' title='bbox 625 1706 658 1759; x_wconf 95' lang='lat' dir='ltr'>et</span> <span class='ocrx_word' id='word_1_108' title='bbox 674 1696 731 1757; x_wconf 89' lang='lat' dir='ltr'>vix</span> <span class='ocrx_word' id='word_1_109' title='bbox 751 1695 814 1759; x_wconf 91' lang='lat' dir='ltr'>diei</span> <span class='ocrx_word' id='word_1_110' title='bbox 838 1716 964 1759; x_wconf 90' lang='lat' dir='ltr'>moram</span> <span class='ocrx_word' id='word_1_111' title='bbox 984 1716 1156 1777; x_wconf 88' lang='lat' dir='ltr'>perpessus</span> <span class='ocrx_word' id='word_1_112' title='bbox 1177 1694 1294 1777; x_wconf 84' lang='lat' dir='ltr'>linquit</span> <span class='ocrx_word' id='word_1_113' title='bbox 1310 1694 1392 1758; x_wconf 91' lang='lat' dir='ltr'>Ger·</span> 
     </span>
     <span class='ocr_line' id='line_1_15' title="bbox 203 1797 1394 1880; baseline -0.002 -20"><span class='ocrx_word' id='word_1_114' title='bbox 203 1799 366 1861; x_wconf 91' lang='lat' dir='ltr'>manicum</span> <span class='ocrx_word' id='word_1_115' title='bbox 383 1799 626 1879; x_wconf 88' lang='lat' dir='ltr'>praevenitque.</span> <span class='ocrx_word' id='word_1_116' title='bbox 672 1808 706 1861; x_wconf 93' lang='lat' dir='ltr'>et</span> <span class='ocrx_word' id='word_1_117' title='bbox 721 1808 897 1880; x_wconf 90' lang='lat' dir='ltr'>postquam</span> <span class='ocrx_word' id='word_1_118' title='bbox 914 1798 1044 1862; x_wconf 86' lang='lat' dir='ltr'>Suriam</span> <span class='ocrx_word' id='word_1_119' title='bbox 1060 1818 1099 1862; x_wconf 89' lang='lat' dir='ltr'>ac</span> <span class='ocrx_word' id='word_1_120' title='bbox 1116 1799 1257 1878; x_wconf 86' lang='lat' dir='ltr'>legiones</span> <span class='ocrx_word' id='word_1_121' title='bbox 1272 1797 1394 1879; x_wconf 85' lang='lat' dir='ltr'>attigit,</span> 
     </span>
     <span class='ocr_line' id='line_1_16' title="bbox 161 1899 1394 1983; baseline 0.002 -25"><span class='ocrx_word' id='word_1_122' title='bbox 161 1923 189 1975; x_wconf 82' lang='lat'>¹5</span> <span class='ocrx_word' id='word_1_123' title='bbox 203 1899 383 1982; x_wconf 85' lang='lat' dir='ltr'>largitione,</span> <span class='ocrx_word' id='word_1_124' title='bbox 405 1900 542 1976; x_wconf 90' lang='lat' dir='ltr'>ambitu,</span> <span class='ocrx_word' id='word_1_125' title='bbox 565 1899 694 1964; x_wconf 84' lang='lat' dir='ltr'>infimos</span> <span class='ocrx_word' id='word_1_126' title='bbox 720 1899 970 1983; x_wconf 89' lang='lat' dir='ltr'>manipularium</span> <span class='ocrx_word' id='word_1_127' title='bbox 996 1902 1145 1974; x_wconf 91' lang='lat' dir='ltr'>iuvando,</span> <span class='ocrx_word' id='word_1_128' title='bbox 1166 1920 1240 1962; x_wconf 92' lang='lat' dir='ltr'>cum</span> <span class='ocrx_word' id='word_1_129' title='bbox 1268 1910 1394 1963; x_wconf 91' lang='lat' dir='ltr'>veteres</span> 
     </span>
     <span class='ocr_line' id='line_1_17' title="bbox 202 2001 1395 2085; baseline -0.003 -17"><span class='ocrx_word' id='word_1_130' title='bbox 202 2005 416 2074; x_wconf 86' lang='lat' dir='ltr'>centuriones,</span> <span class='ocrx_word' id='word_1_131' title='bbox 434 2023 564 2066; x_wconf 88' lang='lat' dir='ltr'>severos</span> <span class='ocrx_word' id='word_1_132' title='bbox 587 2003 738 2067; x_wconf 87' lang='lat' dir='ltr'>tribunos</span> <span class='ocrx_word' id='word_1_133' title='bbox 760 2005 949 2067; x_wconf 89' lang='lat' dir='ltr'>demoveret</span> <span class='ocrx_word' id='word_1_134' title='bbox 973 2003 1110 2085; x_wconf 90' lang='lat' dir='ltr'>locaque</span> <span class='ocrx_word' id='word_1_135' title='bbox 1132 2022 1244 2065; x_wconf 92' lang='lat' dir='ltr'>eorum</span> <span class='ocrx_word' id='word_1_136' title='bbox 1268 2001 1395 2066; x_wconf 92' lang='lat' dir='ltr'>clienti·</span> 
     </span>
     <span class='ocr_line' id='line_1_18' title="bbox 203 2105 1394 2187; baseline -0.003 -17"><span class='ocrx_word' id='word_1_137' title='bbox 203 2107 265 2170; x_wconf 93' lang='lat' dir='ltr'>bus</span> <span class='ocrx_word' id='word_1_138' title='bbox 288 2107 353 2170; x_wconf 88' lang='lat' dir='ltr'>suis</span> <span class='ocrx_word' id='word_1_139' title='bbox 376 2106 428 2169; x_wconf 92' lang='lat' dir='ltr'>vel</span> <span class='ocrx_word' id='word_1_140' title='bbox 456 2105 634 2168; x_wconf 90' lang='lat' dir='ltr'>deterrimo</span> <span class='ocrx_word' id='word_1_141' title='bbox 656 2106 772 2187; x_wconf 89' lang='lat' dir='ltr'>cuique</span> <span class='ocrx_word' id='word_1_142' title='bbox 798 2106 1000 2183; x_wconf 87' lang='lat' dir='ltr'>attribueret,</span> <span class='ocrx_word' id='word_1_143' title='bbox 1023 2106 1184 2169; x_wconf 90' lang='lat' dir='ltr'>desidiam</span> <span class='ocrx_word' id='word_1_144' title='bbox 1211 2106 1242 2168; x_wconf 93' lang='lat' dir='ltr'>in</span> <span class='ocrx_word' id='word_1_145' title='bbox 1270 2106 1394 2181; x_wconf 84' lang='lat' dir='ltr'>castris,</span> 
     </span>
     <span class='ocr_line' id='line_1_19' title="bbox 203 2208 1394 2292; baseline -0.002 -20"><span class='ocrx_word' id='word_1_146' title='bbox 203 2209 366 2272; x_wconf 88' lang='lat' dir='ltr'>licentiam</span> <span class='ocrx_word' id='word_1_147' title='bbox 392 2209 423 2271; x_wconf 96' lang='lat' dir='ltr'>in</span> <span class='ocrx_word' id='word_1_148' title='bbox 443 2209 588 2280; x_wconf 88' lang='lat' dir='ltr'>urbibus,</span> <span class='ocrx_word' id='word_1_149' title='bbox 610 2228 730 2292; x_wconf 85' lang='lat' dir='ltr'>vagum</span> <span class='ocrx_word' id='word_1_150' title='bbox 752 2229 790 2272; x_wconf 92' lang='lat' dir='ltr'>ac</span> <span class='ocrx_word' id='word_1_151' title='bbox 807 2208 1030 2274; x_wconf 87' lang='lat' dir='ltr'>lascivientem</span> <span class='ocrx_word' id='word_1_152' title='bbox 1053 2230 1112 2291; x_wconf 89' lang='lat' dir='ltr'>per</span> <span class='ocrx_word' id='word_1_153' title='bbox 1134 2229 1231 2291; x_wconf 86' lang='lat' dir='ltr'>agros</span> <span class='ocrx_word' id='word_1_154' title='bbox 1254 2208 1394 2272; x_wconf 79' lang='lat' dir='ltr'>militent</span> 
     </span>
     <span class='ocr_line' id='line_1_20' title="bbox 201 2311 1393 2394; baseline -0.002 -19"><span class='ocrx_word' id='word_1_155' title='bbox 201 2313 331 2387; x_wconf 87' lang='lat' dir='ltr'>sineret,</span> <span class='ocrx_word' id='word_1_156' title='bbox 353 2333 393 2375; x_wconf 90' lang='lat' dir='ltr'>eo</span> <span class='ocrx_word' id='word_1_157' title='bbox 420 2332 523 2394; x_wconf 88' lang='lat' dir='ltr'>usque</span> <span class='ocrx_word' id='word_1_158' title='bbox 545 2312 764 2394; x_wconf 88' lang='lat' dir='ltr'>corruptionis</span> <span class='ocrx_word' id='word_1_159' title='bbox 788 2322 961 2394; x_wconf 90' lang='lat' dir='ltr'>provectus</span> <span class='ocrx_word' id='word_1_160' title='bbox 987 2322 1046 2387; x_wconf 90' lang='lat' dir='ltr'>est,</span> <span class='ocrx_word' id='word_1_161' title='bbox 1069 2321 1105 2375; x_wconf 92' lang='lat' dir='ltr'>ut</span> <span class='ocrx_word' id='word_1_162' title='bbox 1129 2331 1280 2375; x_wconf 85' lang='lat' dir='ltr'>sermone</span> <span class='ocrx_word' id='word_1_163' title='bbox 1303 2311 1393 2394; x_wconf 87' lang='lat' dir='ltr'>vulgi</span> 
     </span>
     <span class='ocr_line' id='line_1_21' title="bbox 161 2413 1439 2498; baseline 0.002 -21"><span class='ocrx_word' id='word_1_164' title='bbox 161 2442 192 2479; x_wconf 84' lang='lat'>20</span> <span class='ocrx_word' id='word_1_165' title='bbox 205 2435 322 2498; x_wconf 88' lang='lat' dir='ltr'>parens</span> <span class='ocrx_word' id='word_1_166' title='bbox 338 2414 502 2497; x_wconf 86' lang='lat' dir='ltr'>legionum</span> <span class='ocrx_word' id='word_1_167' title='bbox 518 2414 701 2478; x_wconf 89' lang='lat' dir='ltr'>haberetur.</span> <span class='ocrx_word' id='word_1_168' title='bbox 732 2434 792 2480; x_wconf 92' lang='lat' dir='ltr'>nec</span> <span class='ocrx_word' id='word_1_169' title='bbox 809 2415 963 2479; x_wconf 87' lang='lat' dir='ltr'>Plancina</span> <span class='ocrx_word' id='word_1_170' title='bbox 978 2436 1013 2478; x_wconf 90' lang='lat' dir='ltr'>se</span> <span class='ocrx_word' id='word_1_171' title='bbox 1029 2416 1113 2478; x_wconf 92' lang='lat' dir='ltr'>intra</span> <span class='ocrx_word' id='word_1_172' title='bbox 1129 2416 1247 2478; x_wconf 89' lang='lat' dir='ltr'>decora</span> <span class='ocrx_word' id='word_1_173' title='bbox 1265 2413 1394 2477; x_wconf 88' lang='lat' dir='ltr'>seminis</span> <span class='ocrx_word' id='word_1_174' title='bbox 1409 2428 1439 2479; x_wconf 79' lang='grc'>6·</span> 
     </span>
    </p>
   </div>
   <div class='ocr_carea' id='block_1_3' title="bbox 204 2615 1399 4109">
    <p class='ocr_par' dir='ltr' id='par_1_3' title="bbox 204 2615 1395 3138">
     <span class='ocr_line' id='line_1_22' title="bbox 240 2615 1394 2681; baseline 0.002 -15"><span class='ocrx_word' id='word_1_175' title='bbox 240 2630 261 2665; x_wconf 85' lang='lat'>1.</span> <span class='ocrx_word' id='word_1_176' title='bbox 277 2624 321 2666; x_wconf 79' lang='lat' dir='ltr'>tot</span> <span class='ocrx_word' id='word_1_177' title='bbox 337 2619 473 2666; x_wconf 85' lang='lat' dir='ltr'>oladlbua.</span> <span class='ocrx_word' id='word_1_178' title='bbox 507 2616 593 2666; x_wconf 80' lang='lat' dir='ltr'>Attica</span> <span class='ocrx_word' id='word_1_179' title='bbox 609 2616 658 2665; x_wconf 88' lang='lat' dir='ltr'>bad</span> <span class='ocrx_word' id='word_1_180' title='bbox 674 2615 778 2667; x_wconf 76' lang='lat' dir='ltr'>suffered</span> <span class='ocrx_word' id='word_1_181' title='bbox 820 2617 867 2666; x_wconf 90' lang='lat' dir='ltr'>and</span> <span class='ocrx_word' id='word_1_182' title='bbox 879 2617 912 2666; x_wconf 85' lang='lat' dir='ltr'>rlo</span> <span class='ocrx_word' id='word_1_183' title='bbox 924 2625 966 2667; x_wconf 93' lang='lat' dir='ltr'>not</span> <span class='ocrx_word' id='word_1_184' title='bbox 978 2615 1252 2681; x_wconf 63' lang='lat' dir='ltr'>givenreopngus’a·</span> <span class='ocrx_word' id='word_1_185' title='bbox 1262 2633 1309 2668; x_wconf 87' lang='lat' dir='ltr'>one</span> <span class='ocrx_word' id='word_1_186' title='bbox 1316 2618 1394 2668; x_wconf 83' lang='lat' dir='ltr'>word.</span> 
     </span>
     <span class='ocr_line' id='line_1_23' title="bbox 204 2680 1364 2746; baseline -0.003 -13"><span class='ocrx_word' id='word_1_187' title='bbox 204 2683 312 2746; x_wconf 77' lang='lat' dir='ltr'>severely</span> <span class='ocrx_word' id='word_1_188' title='bbox 324 2681 386 2730; x_wconf 84' lang='lat' dir='ltr'>t&#39;rom</span> <span class='ocrx_word' id='word_1_189' title='bbox 403 2683 446 2731; x_wconf 87' lang='lat' dir='ltr'>the</span> <span class='ocrx_word' id='word_1_190' title='bbox 462 2681 507 2731; x_wconf 80' lang='lat' dir='ltr'>last</span> <span class='ocrx_word' id='word_1_191' title='bbox 520 2681 602 2746; x_wconf 82' lang='lat' dir='ltr'>Philip</span> <span class='ocrx_word' id='word_1_192' title='bbox 613 2680 643 2731; x_wconf 83' lang='lat' dir='ltr'>oi</span> <span class='ocrx_word' id='word_1_193' title='bbox 655 2682 778 2732; x_wconf 70' lang='lat' dir='ltr'>Macedon</span> <span class='ocrx_word' id='word_1_194' title='bbox 820 2682 924 2742; x_wconf 79' lang='lat' dir='ltr'>Athens,</span> <span class='ocrx_word' id='word_1_195' title='bbox 936 2699 951 2731; x_wconf 85' lang='lat' dir='ltr'>a</span> <span class='ocrx_word' id='word_1_196' title='bbox 961 2683 1009 2732; x_wconf 77' lang='lat' dir='ltr'>free</span> <span class='ocrx_word' id='word_1_197' title='bbox 1020 2691 1089 2741; x_wconf 87' lang='lat' dir='ltr'>atate,</span> <span class='ocrx_word' id='word_1_198' title='bbox 1102 2681 1151 2730; x_wconf 85' lang='lat' dir='ltr'>had</span> <span class='ocrx_word' id='word_1_199' title='bbox 1163 2684 1196 2730; x_wconf 83' lang='lat' dir='ltr'>ita</span> <span class='ocrx_word' id='word_1_200' title='bbox 1207 2699 1262 2731; x_wconf 87' lang='lat' dir='ltr'>own</span> <span class='ocrx_word' id='word_1_201' title='bbox 1275 2693 1364 2732; x_wconf 83' lang='lat' dir='ltr'>coorta.</span> 
     </span>
     <span class='ocr_line' id='line_1_24' title="bbox 204 2744 1395 2809; baseline -0.002 -11"><span class='ocrx_word' id='word_1_202' title='bbox 204 2749 230 2798; x_wconf 88' lang='lat' dir='ltr'>ln</span> <span class='ocrx_word' id='word_1_203' title='bbox 249 2758 303 2797; x_wconf 67' lang='lat' dir='ltr'>tac.</span> <span class='ocrx_word' id='word_1_204' title='bbox 318 2746 442 2809; x_wconf 69' lang='lat' dir='ltr'>resilis.</span> <span class='ocrx_word' id='word_1_205' title='bbox 455 2761 494 2809; x_wconf 83' lang='lat'>3¹·</span> <span class='ocrx_word' id='word_1_206' title='bbox 509 2744 560 2807; x_wconf 75' lang='lat'>26),</span> <span class='ocrx_word' id='word_1_207' title='bbox 575 2747 624 2796; x_wconf 89' lang='lat' dir='ltr'>and</span> <span class='ocrx_word' id='word_1_208' title='bbox 637 2747 732 2796; x_wconf 79' lang='lat' dir='ltr'>Athena</span> <span class='ocrx_word' id='word_1_209' title='bbox 749 2748 777 2796; x_wconf 89' lang='lat' dir='ltr'>it·</span> <span class='ocrx_word' id='word_1_210' title='bbox 852 2750 917 2797; x_wconf 72' lang='lat' dir='ltr'>salal</span> <span class='ocrx_word' id='word_1_211' title='bbox 940 2751 1112 2805; x_wconf 73' lang='lat' dir='ltr'>demnatum,</span> <span class='ocrx_word' id='word_1_212' title='bbox 1136 2748 1278 2797; x_wconf 85' lang='lat' dir='ltr'>‘convicted</span> <span class='ocrx_word' id='word_1_213' title='bbox 1301 2749 1330 2797; x_wconf 82' lang='lat' dir='ltr'>ol</span> <span class='ocrx_word' id='word_1_214' title='bbox 1346 2748 1395 2797; x_wconf 83' lang='lat' dir='ltr'>ior-</span> 
     </span>
     <span class='ocr_line' id='line_1_25' title="bbox 205 2811 1392 2926; baseline 0 -64"><span class='ocrx_word' id='word_1_215' title='bbox 205 2812 254 2862; x_wconf 87' lang='lat' dir='ltr'>aell</span> <span class='ocrx_word' id='word_1_216' title='bbox 268 2812 320 2861; x_wconf 87' lang='lat' dir='ltr'>atili</span> <span class='ocrx_word' id='word_1_217' title='bbox 338 2826 405 2888; x_wconf 79' lang='lat' dir='ltr'>more</span> <span class='ocrx_word' id='word_1_218' title='bbox 423 2812 487 2860; x_wconf 84' lang='lat' dir='ltr'>irorn</span> <span class='ocrx_word' id='word_1_219' title='bbox 504 2812 536 2860; x_wconf 87' lang='lat' dir='ltr'>ita</span> <span class='ocrx_word' id='word_1_220' title='bbox 552 2811 618 2875; x_wconf 79' lang='lat' dir='ltr'>siege</span> <span class='ocrx_word' id='word_1_221' title='bbox 635 2811 683 2860; x_wconf 88' lang='lat' dir='ltr'>and</span> <span class='ocrx_word' id='word_1_222' title='bbox 701 2820 777 2888; x_wconf 80' lang='lat' dir='ltr'>stprm</span> <span class='ocrx_word' id='word_1_223' title='bbox 819 2811 910 2926; x_wconf 39' lang='lat' dir='ltr'>ppryh</span> <span class='ocrx_word' id='word_1_224' title='bbox 935 2827 964 2861; x_wconf 90' lang='lat' dir='ltr'>ao</span> <span class='ocrx_word' id='word_1_225' title='bbox 980 2812 1035 2860; x_wconf 86' lang='lat' dir='ltr'>also</span> <span class='ocrx_word' id='word_1_226' title='bbox 1055 2811 1089 2860; x_wconf 89' lang='lat' dir='ltr'>H.</span> <span class='ocrx_word' id='word_1_227' title='bbox 1110 2825 1133 2862; x_wconf 81' lang='lat' dir='ltr'>a.</span> <span class='ocrx_word' id='word_1_228' title='bbox 1149 2811 1189 2871; x_wconf 86' lang='grc'>86,</span> <span class='ocrx_word' id='word_1_229' title='bbox 1209 2827 1239 2861; x_wconf 83' lang='lat' dir='ltr'>a:</span> <span class='ocrx_word' id='word_1_230' title='bbox 1268 2829 1308 2877; x_wconf 91' lang='lat' dir='ltr'>cp.</span> <span class='ocrx_word' id='word_1_231' title='bbox 1327 2813 1392 2863; x_wconf 74' lang='lat' dir='ltr'>Proi</span> 
     </span>
     <span class='ocr_line' id='line_1_26' title="bbox 206 2875 1108 2954; baseline -0.001 -27"><span class='ocrx_word' id='word_1_232' title='bbox 206 2877 237 2940; x_wconf 85' lang='lat' dir='ltr'>by</span> <span class='ocrx_word' id='word_1_233' title='bbox 257 2876 327 2950; x_wconf 85' lang='lat' dir='ltr'>Sulla</span> <span class='ocrx_word' id='word_1_234' title='bbox 347 2892 372 2924; x_wconf 88' lang='grc' dir='ltr'>ιιι</span> <span class='ocrx_word' id='word_1_235' title='bbox 389 2875 455 2954; x_wconf 68' lang='grc' dir='ltr'>668,ι</span> <span class='ocrx_word' id='word_1_236' title='bbox 466 2888 518 2951; x_wconf 71' lang='lat' dir='ltr'>uc.</span> <span class='ocrx_word' id='word_1_237' title='bbox 540 2875 571 2924; x_wconf 90' lang='grc'>86</span> <span class='ocrx_word' id='word_1_238' title='bbox 592 2878 671 2940; x_wconf 66' lang='grc' dir='ltr'>ιΑρρ,</span> <span class='ocrx_word' id='word_1_239' title='bbox 692 2876 778 2927; x_wconf 75' lang='lat' dir='ltr'>Mrem.</span> <span class='ocrx_word' id='word_1_240' title='bbox 850 2892 910 2939; x_wconf 84' lang='lat' dir='ltr'>ayor</span> <span class='ocrx_word' id='word_1_241' title='bbox 921 2892 953 2924; x_wconf 92' lang='lat' dir='ltr'>on</span> <span class='ocrx_word' id='word_1_242' title='bbox 964 2877 1019 2940; x_wconf 87' lang='lat' dir='ltr'>Juv.</span> <span class='ocrx_word' id='word_1_243' title='bbox 1035 2890 1057 2935; x_wconf 92' lang='lat'>1,</span> <span class='ocrx_word' id='word_1_244' title='bbox 1068 2875 1108 2939; x_wconf 85' lang='lat'>67.</span> 
     </span>
     <span class='ocr_line' id='line_1_27' title="bbox 206 2941 1395 3069; baseline 0 -13"><span class='ocrx_word' id='word_1_245' title='bbox 206 2941 780 3056; x_wconf 50' lang='lat' dir='ltr'>atttrititttllhl‘tt’tttthtl</span> <span class='ocrx_word' id='word_1_246' title='bbox 838 2942 1338 3069; x_wconf 60' lang='lat' dir='ltr'>‚33⁰??tt‘333⁰¹²,²··ctf’⁰l3httl</span> <span class='ocrx_word' id='word_1_247' title='bbox 1355 2958 1395 3069; x_wconf 58' lang='grc' dir='ltr'>ΞΡ·</span> 
     </span>
     <span class='ocr_line' id='line_1_28' title="bbox 205 3022 1395 3138; baseline 0.001 -17"><span class='ocrx_word' id='word_1_248' title='bbox 205 3072 253 3122; x_wconf 85' lang='lat' dir='ltr'>last</span> <span class='ocrx_word' id='word_1_249' title='bbox 265 3071 321 3121; x_wconf 87' lang='lat' dir='ltr'>lieet</span> <span class='ocrx_word' id='word_1_250' title='bbox 333 3086 383 3119; x_wconf 88' lang='lat' dir='ltr'>wns</span> <span class='ocrx_word' id='word_1_251' title='bbox 395 3070 443 3120; x_wconf 85' lang='lat' dir='ltr'>lost</span> <span class='ocrx_word' id='word_1_252' title='bbox 455 3081 481 3121; x_wconf 92' lang='lat' dir='ltr'>at</span> <span class='ocrx_word' id='word_1_253' title='bbox 492 3071 601 3121; x_wconf 77' lang='lat' dir='ltr'>Actium.</span> <span class='ocrx_word' id='word_1_254' title='bbox 820 3022 836 3071; x_wconf 66' lang='lat'><strong>⁴</strong></span> <span class='ocrx_word' id='word_1_255' title='bbox 854 3074 876 3121; x_wconf 91' lang='lat'>8.</span> <span class='ocrx_word' id='word_1_256' title='bbox 889 3041 1060 3129; x_wconf 58' lang='lat' dir='ltr'>bolnponm&#39;·</span> <span class='ocrx_word' id='word_1_257' title='bbox 1076 3023 1187 3121; x_wconf 70' lang='lat' dir='ltr'>mniap</span> <span class='ocrx_word' id='word_1_258' title='bbox 1206 3088 1248 3137; x_wconf 80' lang='lat' dir='ltr'>cp,</span> <span class='ocrx_word' id='word_1_259' title='bbox 1265 3045 1395 3138; x_wconf 70' lang='lat' dir='ltr'>‘cumpon-</span> 
     </span>
    </p>

    <p class='ocr_par' dir='ltr' id='par_1_4' title="bbox 205 3134 1397 3655">
     <span class='ocr_line' id='line_1_29' title="bbox 241 3134 1253 3199; baseline -0.002 -13"><span class='ocrx_word' id='word_1_260' title='bbox 241 3151 262 3186; x_wconf 84' lang='grc' dir='ltr'>ι.</span> <span class='ocrx_word' id='word_1_261' title='bbox 290 3139 522 3186; x_wconf 79' lang='lat' dir='ltr'>conluviem...</span> <span class='ocrx_word' id='word_1_262' title='bbox 543 3139 710 3185; x_wconf 83' lang='lat' dir='ltr'>nationum:</span> <span class='ocrx_word' id='word_1_263' title='bbox 740 3152 778 3199; x_wconf 88' lang='lat' dir='ltr'>cp.</span> <span class='ocrx_word' id='word_1_264' title='bbox 820 3137 868 3186; x_wconf 85' lang='lat' dir='ltr'>diis</span> <span class='ocrx_word' id='word_1_265' title='bbox 879 3134 986 3186; x_wconf 85' lang='lat' dir='ltr'>viarum&#39;</span> <span class='ocrx_word' id='word_1_266' title='bbox 1002 3135 1073 3197; x_wconf 78' lang='lat' dir='ltr'>t.63‚</span> <span class='ocrx_word' id='word_1_267' title='bbox 1086 3135 1110 3185; x_wconf 90' lang='grc'>6.</span> <span class='ocrx_word' id='word_1_268' title='bbox 1250 3149 1253 3154; x_wconf 66' lang='grc'>“</span> 
     </span>
     <span class='ocr_line' id='line_1_30' title="bbox 209 3200 1397 3317; baseline -0.002 -1"><span class='ocrx_word' id='word_1_269' title='bbox 209 3200 778 3316; x_wconf 49' lang='lat' dir='ltr'>‘ttt&#39;tttltt‘t”trtt‘t‘tttilt</span> <span class='ocrx_word' id='word_1_270' title='bbox 821 3216 877 3316; x_wconf 63' lang='lat' dir='ltr'>n?</span> <span class='ocrx_word' id='word_1_271' title='bbox 894 3201 1186 3317; x_wconf 52' lang='lat' dir='ltr'>”iiiiih‘inii‘</span> <span class='ocrx_word' id='word_1_272' title='bbox 1200 3211 1268 3253; x_wconf 69' lang='lat'>‘⁸⁰⁸‘</span> <span class='ocrx_word' id='word_1_273' title='bbox 1282 3202 1356 3253; x_wconf 70' lang='lat'>“¹⁶&#39;‘</span> <span class='ocrx_word' id='word_1_274' title='bbox 1369 3210 1397 3253; x_wconf 75' lang='lat'>²⁰</span> 
     </span>
     <span class='ocr_line' id='line_1_31' title="bbox 205 3281 1396 3396; baseline -0.001 -16"><span class='ocrx_word' id='word_1_275' title='bbox 205 3282 347 3380; x_wconf 69' lang='lat' dir='ltr'>llenbuneed</span> <span class='ocrx_word' id='word_1_276' title='bbox 358 3282 464 3395; x_wconf 50' lang='lat' dir='ltr'>perbngs</span> <span class='ocrx_word' id='word_1_277' title='bbox 478 3281 705 3394; x_wconf 68' lang='lat' dir='ltr'>byprrmostllenea</span> <span class='ocrx_word' id='word_1_278' title='bbox 718 3282 780 3393; x_wconf 67' lang='lat' dir='ltr'>(rrpyl</span> <span class='ocrx_word' id='word_1_279' title='bbox 858 3282 919 3381; x_wconf 42' lang='lat' dir='ltr'>119.OE</span> <span class='ocrx_word' id='word_1_280' title='bbox 913 3282 1025 3388; x_wconf 41' lang='lat' dir='ltr'>nicer-et</span> <span class='ocrx_word' id='word_1_281' title='bbox 1035 3334 1066 3378; x_wconf 83' lang='lat' dir='ltr'>in</span> <span class='ocrx_word' id='word_1_282' title='bbox 1078 3334 1207 3390; x_wconf 78' lang='lat' dir='ltr'>abrupta,</span> <span class='ocrx_word' id='word_1_283' title='bbox 1220 3336 1226 3358; x_wconf 80' lang='lat'>⁸</span> <span class='ocrx_word' id='word_1_284' title='bbox 1237 3347 1288 3381; x_wconf 81' lang='lat' dir='ltr'>was</span> <span class='ocrx_word' id='word_1_285' title='bbox 1298 3333 1396 3396; x_wconf 77' lang='lat' dir='ltr'>driving</span> 
     </span>
     <span class='ocr_line' id='line_1_32' title="bbox 206 3394 1397 3523; baseline 0.001 -12"><span class='ocrx_word' id='word_1_286' title='bbox 206 3397 378 3511; x_wconf 59' lang='grc' dir='ltr'>6Μὲἷῖἕᾶ</span> <span class='ocrx_word' id='word_1_287' title='bbox 392 3394 780 3523; x_wconf 47' lang='lat' dir='ltr'>rppqctqqunraffl</span> <span class='ocrx_word' id='word_1_288' title='bbox 822 3396 883 3510; x_wconf 70' lang='lat' dir='ltr'>hh</span> <span class='ocrx_word' id='word_1_289' title='bbox 901 3412 978 3511; x_wconf 67' lang='lat' dir='ltr'>tt:</span> <span class='ocrx_word' id='word_1_290' title='bbox 998 3394 1084 3522; x_wconf 57' lang='lat'>2¹52?</span> <span class='ocrx_word' id='word_1_291' title='bbox 1109 3412 1163 3509; x_wconf 71' lang='lat' dir='ltr'>,tt</span> <span class='ocrx_word' id='word_1_292' title='bbox 1177 3397 1302 3510; x_wconf 44' lang='grc' dir='ltr'>,Ψ</span> <span class='ocrx_word' id='word_1_293' title='bbox 1316 3399 1397 3512; x_wconf 62' lang='lat' dir='ltr'>tit</span> 
     </span>
     <span class='ocr_line' id='line_1_33' title="bbox 206 3477 1396 3590; baseline 0.001 -15"><span class='ocrx_word' id='word_1_294' title='bbox 206 3477 280 3587; x_wconf 50' lang='lat' dir='ltr'>allii</span> <span class='ocrx_word' id='word_1_295' title='bbox 298 3524 387 3586; x_wconf 64' lang='grc' dir='ltr'>μηιοα</span> <span class='ocrx_word' id='word_1_296' title='bbox 407 3507 509 3587; x_wconf 59' lang='grc' dir='ltr'>έοιιην</span> <span class='ocrx_word' id='word_1_297' title='bbox 530 3523 645 3586; x_wconf 57' lang='lat' dir='ltr'>emto„</span> <span class='ocrx_word' id='word_1_298' title='bbox 664 3477 780 3574; x_wconf 63' lang='lat' dir='ltr'>linaro</span> <span class='ocrx_word' id='word_1_299' title='bbox 822 3526 864 3576; x_wconf 76' lang='lat' dir='ltr'>ne</span> <span class='ocrx_word' id='word_1_300' title='bbox 881 3477 1057 3590; x_wconf 59' lang='lat' dir='ltr'>laniarat</span> <span class='ocrx_word' id='word_1_301' title='bbox 1074 3497 1129 3575; x_wconf 72' lang='lat' dir='ltr'>{nes</span> <span class='ocrx_word' id='word_1_302' title='bbox 1146 3477 1396 3589; x_wconf 64' lang='lat' dir='ltr'>rn4&#39;.&#39;2l,&#39;5i&#39;n.1.</span> 
     </span>
     <span class='ocr_line' id='line_1_34' title="bbox 207 3591 1397 3655; baseline -0.008 -5"><span class='ocrx_word' id='word_1_303' title='bbox 207 3591 268 3650; x_wconf 87' lang='lat' dir='ltr'>Dio,</span> <span class='ocrx_word' id='word_1_304' title='bbox 278 3605 309 3653; x_wconf 77' lang='lat'>54</span> <span class='ocrx_word' id='word_1_305' title='bbox 330 3602 352 3652; x_wconf 67' lang='lat'>⁷9</span> <span class='ocrx_word' id='word_1_306' title='bbox 368 3591 400 3655; x_wconf 85' lang='lat'>²)·</span> <span class='ocrx_word' id='word_1_307' title='bbox 823 3593 864 3653; x_wconf 80' lang='lat'>48,</span> <span class='ocrx_word' id='word_1_308' title='bbox 876 3603 889 3652; x_wconf 79' lang='lat'>7</span> <span class='ocrx_word' id='word_1_309' title='bbox 901 3609 906 3647; x_wconf 87' lang='lat'>;</span> <span class='ocrx_word' id='word_1_310' title='bbox 919 3593 977 3653; x_wconf 71' lang='lat' dir='ltr'>ngr.</span> <span class='ocrx_word' id='word_1_311' title='bbox 988 3604 1061 3653; x_wconf 69' lang='lat'>42,5.</span> <span class='ocrx_word' id='word_1_312' title='bbox 1084 3591 1138 3639; x_wconf 91' lang='lat' dir='ltr'>&#39;l&#39;he</span> <span class='ocrx_word' id='word_1_313' title='bbox 1149 3592 1230 3653; x_wconf 85' lang='lat' dir='ltr'>object</span> <span class='ocrx_word' id='word_1_314' title='bbox 1240 3592 1268 3641; x_wconf 89' lang='lat' dir='ltr'>ol</span> <span class='ocrx_word' id='word_1_315' title='bbox 1275 3597 1313 3641; x_wconf 82' lang='lat' dir='ltr'>‘m</span> <span class='ocrx_word' id='word_1_316' title='bbox 1347 3591 1397 3641; x_wconf 90' lang='lat' dir='ltr'>ret&#39;</span> 
     </span>
    </p>

    <p class='ocr_par' dir='ltr' id='par_1_5' title="bbox 207 3654 1399 3916">
     <span class='ocr_line' id='line_1_35' title="bbox 239 3654 1398 3720; baseline 0.003 -16"><span class='ocrx_word' id='word_1_317' title='bbox 239 3658 385 3704; x_wconf 77' lang='lat' dir='ltr'>benonim.</span> <span class='ocrx_word' id='word_1_318' title='bbox 420 3654 577 3712; x_wconf 82' lang='lat' dir='ltr'>Velleiua(a.</span> <span class='ocrx_word' id='word_1_319' title='bbox 591 3668 629 3717; x_wconf 78' lang='lat'>¹3·</span> <span class='ocrx_word' id='word_1_320' title='bbox 642 3659 670 3718; x_wconf 83' lang='lat'>4)</span> <span class='ocrx_word' id='word_1_321' title='bbox 682 3671 782 3705; x_wconf 86' lang='lat' dir='ltr'>excuses</span> <span class='ocrx_word' id='word_1_322' title='bbox 824 3660 844 3704; x_wconf 84' lang='lat' dir='ltr'>is</span> <span class='ocrx_word' id='word_1_323' title='bbox 856 3654 968 3720; x_wconf 87' lang='lat' dir='ltr'>supplied</span> <span class='ocrx_word' id='word_1_324' title='bbox 980 3656 1279 3706; x_wconf 82' lang='lat' dir='ltr'>irom⁴inimici&#39;below.</span> <span class='ocrx_word' id='word_1_325' title='bbox 1330 3658 1398 3707; x_wconf 85' lang='lat' dir='ltr'>othe</span> 
     </span>
     <span class='ocr_line' id='line_1_36' title="bbox 208 3718 1398 3785; baseline 0 -15"><span class='ocrx_word' id='word_1_326' title='bbox 208 3721 249 3770; x_wconf 91' lang='lat' dir='ltr'>the</span> <span class='ocrx_word' id='word_1_327' title='bbox 268 3721 443 3770; x_wconf 76' lang='lat' dir='ltr'>Athenienses</span> <span class='ocrx_word' id='word_1_328' title='bbox 459 3720 554 3783; x_wconf 80' lang='lat' dir='ltr'>having</span> <span class='ocrx_word' id='word_1_329' title='bbox 573 3720 632 3769; x_wconf 89' lang='lat' dir='ltr'>been</span> <span class='ocrx_word' id='word_1_330' title='bbox 648 3721 737 3778; x_wconf 81' lang='lat' dir='ltr'>forced,</span> <span class='ocrx_word' id='word_1_331' title='bbox 757 3723 781 3769; x_wconf 87' lang='lat' dir='ltr'>in</span> <span class='ocrx_word' id='word_1_332' title='bbox 823 3722 873 3769; x_wconf 89' lang='lat' dir='ltr'>dat.</span> <span class='ocrx_word' id='word_1_333' title='bbox 897 3721 955 3769; x_wconf 90' lang='lat' dir='ltr'>with</span> <span class='ocrx_word' id='word_1_334' title='bbox 976 3719 1108 3769; x_wconf 79' lang='lat' dir='ltr'>‘eximere&#39;</span> <span class='ocrx_word' id='word_1_335' title='bbox 1126 3737 1164 3785; x_wconf 91' lang='lat' dir='ltr'>cp.</span> <span class='ocrx_word' id='word_1_336' title='bbox 1184 3718 1206 3769; x_wconf 81' lang='grc' dir='ltr'>ἰ,</span> <span class='ocrx_word' id='word_1_337' title='bbox 1229 3722 1270 3782; x_wconf 82' lang='lat'>48,</span> <span class='ocrx_word' id='word_1_338' title='bbox 1293 3736 1314 3780; x_wconf 80' lang='lat' dir='ltr'>a,</span> <span class='ocrx_word' id='word_1_339' title='bbox 1336 3726 1398 3772; x_wconf 75' lang='lat' dir='ltr'>dre:</span> 
     </span>
     <span class='ocr_line' id='line_1_37' title="bbox 207 3785 1397 3850; baseline 0 -14"><span class='ocrx_word' id='word_1_340' title='bbox 207 3785 249 3836; x_wconf 86' lang='lat' dir='ltr'>the</span> <span class='ocrx_word' id='word_1_341' title='bbox 265 3785 418 3835; x_wconf 82' lang='lat' dir='ltr'>Mithridetlc</span> <span class='ocrx_word' id='word_1_342' title='bbox 430 3801 487 3845; x_wconf 83' lang='lat' dir='ltr'>war,</span> <span class='ocrx_word' id='word_1_343' title='bbox 503 3795 530 3835; x_wconf 92' lang='lat' dir='ltr'>to</span> <span class='ocrx_word' id='word_1_344' title='bbox 546 3793 586 3834; x_wconf 84' lang='lat' dir='ltr'>act</span> <span class='ocrx_word' id='word_1_345' title='bbox 603 3786 700 3849; x_wconf 77' lang='lat' dir='ltr'>against</span> <span class='ocrx_word' id='word_1_346' title='bbox 717 3786 782 3835; x_wconf 87' lang='lat' dir='ltr'>their</span> <span class='ocrx_word' id='word_1_347' title='bbox 823 3787 943 3836; x_wconf 79' lang='lat' dir='ltr'>‘eximere</span> <span class='ocrx_word' id='word_1_348' title='bbox 954 3785 1102 3834; x_wconf 86' lang='lat' dir='ltr'>discrimini&#39;</span> <span class='ocrx_word' id='word_1_349' title='bbox 1116 3787 1137 3834; x_wconf 89' lang='lat' dir='ltr'>is</span> <span class='ocrx_word' id='word_1_350' title='bbox 1150 3787 1262 3850; x_wconf 81' lang='lat' dir='ltr'>repeated</span> <span class='ocrx_word' id='word_1_351' title='bbox 1273 3787 1297 3835; x_wconf 90' lang='lat' dir='ltr'>in</span> <span class='ocrx_word' id='word_1_352' title='bbox 1308 3787 1329 3836; x_wconf 88' lang='grc'>6.</span> <span class='ocrx_word' id='word_1_353' title='bbox 1340 3803 1364 3850; x_wconf 88' lang='lat'>9,</span> <span class='ocrx_word' id='word_1_354' title='bbox 1373 3786 1397 3836; x_wconf 90' lang='lat'>6.</span> 
     </span>
     <span class='ocr_line' id='line_1_38' title="bbox 207 3850 1399 3916; baseline 0.001 -15"><span class='ocrx_word' id='word_1_355' title='bbox 207 3850 365 3916; x_wconf 69' lang='lat' dir='ltr'>sympathies.</span> <span class='ocrx_word' id='word_1_356' title='bbox 858 3850 894 3899; x_wconf 88' lang='grc' dir='ltr'>ι6.</span> <span class='ocrx_word' id='word_1_357' title='bbox 912 3854 1090 3900; x_wconf 76' lang='lat' dir='ltr'>centuriones</span> <span class='ocrx_word' id='word_1_358' title='bbox 1107 3888 1113 3900; x_wconf 92' lang='lat'>.</span> <span class='ocrx_word' id='word_1_359' title='bbox 1126 3889 1131 3899; x_wconf 90' lang='lat'><em>.</em></span> <span class='ocrx_word' id='word_1_360' title='bbox 1144 3888 1150 3899; x_wconf 90' lang='lat'>.</span> <span class='ocrx_word' id='word_1_361' title='bbox 1163 3855 1293 3901; x_wconf 83' lang='lat' dir='ltr'>tribunos</span> <span class='ocrx_word' id='word_1_362' title='bbox 1306 3857 1399 3902; x_wconf 85' lang='lat' dir='ltr'>damo-</span> 
     </span>
    </p>

    <p class='ocr_par' dir='ltr' id='par_1_6' title="bbox 206 3914 1399 4109">
     <span class='ocr_line' id='line_1_39' title="bbox 240 3914 1398 3979; baseline 0.002 -17"><span class='ocrx_word' id='word_1_363' title='bbox 240 3929 263 3978; x_wconf 79' lang='lat'>5.</span> <span class='ocrx_word' id='word_1_364' title='bbox 281 3918 422 3964; x_wconf 82' lang='lat' dir='ltr'>violenter</span> <span class='ocrx_word' id='word_1_365' title='bbox 439 3918 472 3963; x_wconf 83' lang='lat' dir='ltr'>in</span> <span class='ocrx_word' id='word_1_366' title='bbox 488 3930 562 3973; x_wconf 85' lang='grc' dir='ltr'>ιιιοι,</span> <span class='ocrx_word' id='word_1_367' title='bbox 580 3915 644 3964; x_wconf 86' lang='lat' dir='ltr'>their</span> <span class='ocrx_word' id='word_1_368' title='bbox 660 3931 733 3977; x_wconf 82' lang='lat' dir='ltr'>many</span> <span class='ocrx_word' id='word_1_369' title='bbox 745 3915 781 3964; x_wconf 88' lang='lat' dir='ltr'>in·</span> <span class='ocrx_word' id='word_1_370' title='bbox 823 3922 910 3966; x_wconf 77' lang='lat' dir='ltr'>vacat.</span> <span class='ocrx_word' id='word_1_371' title='bbox 944 3916 1007 3964; x_wconf 86' lang='lat' dir='ltr'>This</span> <span class='ocrx_word' id='word_1_372' title='bbox 1024 3930 1126 3979; x_wconf 83' lang='lat' dir='ltr'>passage</span> <span class='ocrx_word' id='word_1_373' title='bbox 1144 3914 1276 3966; x_wconf 74' lang='lat' dir='ltr'>illustrares</span> <span class='ocrx_word' id='word_1_374' title='bbox 1291 3918 1332 3966; x_wconf 87' lang='lat' dir='ltr'>the</span> <span class='ocrx_word' id='word_1_375' title='bbox 1348 3918 1398 3966; x_wconf 82' lang='lat' dir='ltr'>dis·</span> 
     </span>
     <span class='ocr_line' id='line_1_40' title="bbox 206 3980 1399 4094; baseline -0.001 -63"><span class='ocrx_word' id='word_1_376' title='bbox 206 3988 302 4031; x_wconf 87' lang='lat' dir='ltr'>atances</span> <span class='ocrx_word' id='word_1_377' title='bbox 313 3980 342 4028; x_wconf 88' lang='lat' dir='ltr'>ol</span> <span class='ocrx_word' id='word_1_378' title='bbox 351 3980 499 4055; x_wconf 80' lang='lat' dir='ltr'>ingratitude</span> <span class='ocrx_word' id='word_1_379' title='bbox 512 3980 612 4057; x_wconf 24' lang='lat' dir='ltr'>tontbeir</span> <span class='ocrx_word' id='word_1_380' title='bbox 626 3996 682 4029; x_wconf 89' lang='lat' dir='ltr'>own</span> <span class='ocrx_word' id='word_1_381' title='bbox 698 3981 782 4044; x_wconf 87' lang='lat' dir='ltr'>public</span> <span class='ocrx_word' id='word_1_382' title='bbox 824 3983 915 4057; x_wconf 73' lang='lat' dir='ltr'>cretton</span> <span class='ocrx_word' id='word_1_383' title='bbox 934 3980 963 4029; x_wconf 86' lang='lat' dir='ltr'>oi</span> <span class='ocrx_word' id='word_1_384' title='bbox 975 3980 1148 4059; x_wconf 77' lang='lat' dir='ltr'>appointment</span> <span class='ocrx_word' id='word_1_385' title='bbox 1163 3981 1207 4030; x_wconf 86' lang='lat' dir='ltr'>leit</span> <span class='ocrx_word' id='word_1_386' title='bbox 1221 3982 1252 4094; x_wconf 70' lang='lat' dir='ltr'>bp</span> <span class='ocrx_word' id='word_1_387' title='bbox 1264 3983 1355 4031; x_wconf 85' lang='lat' dir='ltr'>Caesar</span> <span class='ocrx_word' id='word_1_388' title='bbox 1372 3991 1399 4032; x_wconf 92' lang='lat' dir='ltr'>to</span> 
     </span>
     <span class='ocr_line' id='line_1_41' title="bbox 208 4045 1399 4109; baseline 0.001 -14"><span class='ocrx_word' id='word_1_389' title='bbox 208 4061 272 4105; x_wconf 87' lang='lat' dir='ltr'>men,</span> <span class='ocrx_word' id='word_1_390' title='bbox 286 4047 433 4109; x_wconf 85' lang='lat' dir='ltr'>throughout</span> <span class='ocrx_word' id='word_1_391' title='bbox 445 4045 509 4094; x_wconf 84' lang='lat' dir='ltr'>then</span> <span class='ocrx_word' id='word_1_392' title='bbox 520 4045 620 4108; x_wconf 86' lang='lat' dir='ltr'>bratory.</span> <span class='ocrx_word' id='word_1_393' title='bbox 823 4045 861 4094; x_wconf 78' lang='lat' dir='ltr'>lna</span> <span class='ocrx_word' id='word_1_394' title='bbox 884 4045 967 4107; x_wconf 73' lang='lat' dir='ltr'>legati.</span> <span class='ocrx_word' id='word_1_395' title='bbox 1012 4046 1057 4093; x_wconf 78' lang='lat' dir='ltr'>bec</span> <span class='ocrx_word' id='word_1_396' title='bbox 1082 4045 1135 4093; x_wconf 82' lang='lat' dir='ltr'>also</span> <span class='ocrx_word' id='word_1_397' title='bbox 1160 4046 1213 4095; x_wconf 84' lang='lat' dir='ltr'>tbnt</span> <span class='ocrx_word' id='word_1_398' title='bbox 1246 4048 1279 4095; x_wconf 84' lang='lat' dir='ltr'>eit</span> <span class='ocrx_word' id='word_1_399' title='bbox 1302 4057 1328 4095; x_wconf 91' lang='lat' dir='ltr'>to</span> <span class='ocrx_word' id='word_1_400' title='bbox 1357 4047 1399 4096; x_wconf 85' lang='lat' dir='ltr'>the</span> 
     </span>
    </p>
   </div>
   <div class='ocr_carea' id='block_1_4' title="bbox 208 4108 1399 4435">
    <p class='ocr_par' dir='ltr' id='par_1_7' title="bbox 208 4108 1399 4435">
     <span class='ocr_line' id='line_1_42' title="bbox 240 4108 1398 4175; baseline 0 -15"><span class='ocrx_word' id='word_1_401' title='bbox 240 4111 263 4160; x_wconf 86' lang='lat'>6.</span> <span class='ocrx_word' id='word_1_402' title='bbox 282 4114 357 4160; x_wconf 79' lang='lat' dir='ltr'>Areo</span> <span class='ocrx_word' id='word_1_403' title='bbox 379 4113 495 4170; x_wconf 87' lang='lat' dir='ltr'>tudtolo,</span> <span class='ocrx_word' id='word_1_404' title='bbox 516 4108 556 4158; x_wconf 82' lang='lat' dir='ltr'>ria.</span> <span class='ocrx_word' id='word_1_405' title='bbox 580 4111 622 4170; x_wconf 77' lang='lat' dir='ltr'>rip.</span> <span class='ocrx_word' id='word_1_406' title='bbox 647 4110 686 4159; x_wconf 86' lang='lat' dir='ltr'>lor</span> <span class='ocrx_word' id='word_1_407' title='bbox 708 4111 781 4159; x_wconf 78' lang='lat' dir='ltr'>‘Arei</span> <span class='ocrx_word' id='word_1_408' title='bbox 824 4113 977 4175; x_wconf 85' lang='lat' dir='ltr'>‘praelectus</span> <span class='ocrx_word' id='word_1_409' title='bbox 995 4108 1132 4174; x_wconf 87' lang='lat' dir='ltr'>praetorio’</span> <span class='ocrx_word' id='word_1_410' title='bbox 1150 4111 1241 4173; x_wconf 88' lang='lat' dir='ltr'>(which</span> <span class='ocrx_word' id='word_1_411' title='bbox 1259 4127 1336 4160; x_wconf 75' lang='lat' dir='ltr'>seems</span> <span class='ocrx_word' id='word_1_412' title='bbox 1356 4128 1398 4160; x_wconf 81' lang='lat' dir='ltr'>ex-</span> 
     </span>
     <span class='ocr_line' id='line_1_43' title="bbox 209 4174 1244 4240; baseline -0.002 -16"><span class='ocrx_word' id='word_1_413' title='bbox 209 4175 268 4240; x_wconf 87' lang='lat' dir='ltr'>pagi</span> <span class='ocrx_word' id='word_1_414' title='bbox 287 4174 395 4224; x_wconf 66' lang='lat' dir='ltr'>iudicio!</span> <span class='ocrx_word' id='word_1_415' title='bbox 427 4175 503 4239; x_wconf 88' lang='lat' dir='ltr'>Nipp.</span> <span class='ocrx_word' id='word_1_416' title='bbox 521 4175 611 4232; x_wconf 81' lang='lat' dir='ltr'>shows,</span> <span class='ocrx_word' id='word_1_417' title='bbox 634 4176 667 4238; x_wconf 82' lang='lat' dir='ltr'>by</span> <span class='ocrx_word' id='word_1_418' title='bbox 690 4176 781 4224; x_wconf 81' lang='lat' dir='ltr'>several</span> <span class='ocrx_word' id='word_1_419' title='bbox 823 4176 967 4239; x_wconf 83' lang='lat' dir='ltr'>ceptionel),</span> <span class='ocrx_word' id='word_1_420' title='bbox 979 4192 1002 4238; x_wconf 67' lang='lat'>4</span> <span class='ocrx_word' id='word_1_421' title='bbox 1017 4189 1039 4233; x_wconf 83' lang='lat' dir='ltr'>a,</span> <span class='ocrx_word' id='word_1_422' title='bbox 1052 4188 1073 4235; x_wconf 78' lang='lat'>3.</span> <span class='ocrx_word' id='word_1_423' title='bbox 1239 4181 1244 4193; x_wconf 88' lang='lat'>&#39;</span> 
     </span>
     <span class='ocr_line' id='line_1_44' title="bbox 209 4239 1398 4306; baseline 0.001 -17"><span class='ocrx_word' id='word_1_424' title='bbox 209 4241 350 4299; x_wconf 82' lang='lat' dir='ltr'>relerentes,</span> <span class='ocrx_word' id='word_1_425' title='bbox 362 4240 451 4290; x_wconf 87' lang='lat' dir='ltr'>thatin</span> <span class='ocrx_word' id='word_1_426' title='bbox 464 4240 560 4288; x_wconf 80' lang='lat' dir='ltr'>Roman</span> <span class='ocrx_word' id='word_1_427' title='bbox 573 4241 673 4299; x_wconf 81' lang='lat' dir='ltr'>writers,</span> <span class='ocrx_word' id='word_1_428' title='bbox 686 4240 782 4302; x_wconf 81' lang='lat' dir='ltr'>though</span> <span class='ocrx_word' id='word_1_429' title='bbox 859 4255 896 4289; x_wconf 82' lang='grc' dir='ltr'>ιο.</span> <span class='ocrx_word' id='word_1_430' title='bbox 913 4244 1070 4296; x_wconf 81' lang='lat' dir='ltr'>haberetur,</span> <span class='ocrx_word' id='word_1_431' title='bbox 1090 4239 1155 4298; x_wconf 87' lang='lat' dir='ltr'>here,</span> <span class='ocrx_word' id='word_1_432' title='bbox 1173 4256 1200 4288; x_wconf 86' lang='lat' dir='ltr'>ns</span> <span class='ocrx_word' id='word_1_433' title='bbox 1220 4240 1297 4306; x_wconf 89' lang='lat' dir='ltr'>Nipp.</span> <span class='ocrx_word' id='word_1_434' title='bbox 1319 4250 1398 4301; x_wconf 85' lang='lat' dir='ltr'>notes,</span> 
     </span>
     <span class='ocr_line' id='line_1_45' title="bbox 208 4303 1399 4369; baseline 0.001 -16"><span class='ocrx_word' id='word_1_435' title='bbox 208 4304 251 4353; x_wconf 86' lang='lat' dir='ltr'>the</span> <span class='ocrx_word' id='word_1_436' title='bbox 270 4304 438 4369; x_wconf 83' lang='lat' dir='ltr'>orthography</span> <span class='ocrx_word' id='word_1_437' title='bbox 457 4304 487 4353; x_wconf 85' lang='lat' dir='ltr'>oi</span> <span class='ocrx_word' id='word_1_438' title='bbox 503 4303 615 4354; x_wconf 78' lang='lat' dir='ltr'>‘Areus&#39;</span> <span class='ocrx_word' id='word_1_439' title='bbox 635 4308 721 4364; x_wconf 83' lang='lat' dir='ltr'>varica,</span> <span class='ocrx_word' id='word_1_440' title='bbox 742 4307 784 4355; x_wconf 91' lang='lat' dir='ltr'>the</span> <span class='ocrx_word' id='word_1_441' title='bbox 824 4304 883 4355; x_wconf 69' lang='lat' dir='ltr'>nard</span> <span class='ocrx_word' id='word_1_442' title='bbox 901 4305 938 4353; x_wconf 88' lang='lat' dir='ltr'>lor</span> <span class='ocrx_word' id='word_1_443' title='bbox 950 4310 957 4333; x_wconf 82' lang='lat'><strong><em>⁴</em></strong></span> <span class='ocrx_word' id='word_1_444' title='bbox 967 4305 1107 4369; x_wconf 88' lang='lat' dir='ltr'>perhibetur</span> <span class='ocrx_word' id='word_1_445' title='bbox 1117 4304 1138 4355; x_wconf 93' lang='lat'>’:</span> <span class='ocrx_word' id='word_1_446' title='bbox 1156 4321 1194 4368; x_wconf 91' lang='lat' dir='ltr'>cp.</span> <span class='ocrx_word' id='word_1_447' title='bbox 1209 4307 1264 4369; x_wconf 81' lang='lat' dir='ltr'>‘qui</span> <span class='ocrx_word' id='word_1_448' title='bbox 1278 4322 1342 4356; x_wconf 88' lang='lat' dir='ltr'>nune</span> <span class='ocrx_word' id='word_1_449' title='bbox 1354 4306 1399 4354; x_wconf 79' lang='lat' dir='ltr'>Al-</span> 
     </span>
     <span class='ocr_line' id='line_1_46' title="bbox 209 4369 1314 4435; baseline 0 -17"><span class='ocrx_word' id='word_1_450' title='bbox 209 4369 264 4418; x_wconf 87' lang='lat' dir='ltr'>beat</span> <span class='ocrx_word' id='word_1_451' title='bbox 274 4369 344 4420; x_wconf 88' lang='lat' dir='ltr'>MSS.</span> <span class='ocrx_word' id='word_1_452' title='bbox 355 4370 449 4434; x_wconf 76' lang='lat' dir='ltr'>always</span> <span class='ocrx_word' id='word_1_453' title='bbox 459 4369 546 4420; x_wconf 71' lang='lat' dir='ltr'>follow</span> <span class='ocrx_word' id='word_1_454' title='bbox 554 4369 596 4420; x_wconf 84' lang='lat' dir='ltr'>the</span> <span class='ocrx_word' id='word_1_455' title='bbox 607 4370 689 4420; x_wconf 85' lang='lat' dir='ltr'>Greelr</span> <span class='ocrx_word' id='word_1_456' title='bbox 700 4385 782 4435; x_wconf 78' lang='lat' dir='ltr'>usage,</span> <span class='ocrx_word' id='word_1_457' title='bbox 826 4371 903 4419; x_wconf 64' lang='lat' dir='ltr'>mnus</span> <span class='ocrx_word' id='word_1_458' title='bbox 914 4370 1031 4419; x_wconf 89' lang='lat' dir='ltr'>babetur&#39;</span> <span class='ocrx_word' id='word_1_459' title='bbox 1044 4371 1118 4433; x_wconf 83' lang='lat' dir='ltr'>Verg.</span> <span class='ocrx_word' id='word_1_460' title='bbox 1132 4372 1193 4418; x_wconf 79' lang='lat' dir='ltr'>Aen.</span> <span class='ocrx_word' id='word_1_461' title='bbox 1208 4383 1247 4430; x_wconf 86' lang='grc' dir='ltr'>ιι,</span> <span class='ocrx_word' id='word_1_462' title='bbox 1261 4384 1270 4418; x_wconf 88' lang='grc' dir='ltr'>ι</span> <span class='ocrx_word' id='word_1_463' title='bbox 1276 4386 1314 4435; x_wconf 75' lang='lat'>34.</span> 
     </span>
    </p>
   </div>
   <div class='ocr_carea' id='block_1_5' title="bbox 0 0 1514 4890">
    <p class='ocr_par' dir='ltr' id='par_1_8' title="bbox 0 0 1514 4890">
     <span class='ocr_line' id='line_1_47' title="bbox 0 0 1514 4890; baseline 0 0"><span class='ocrx_word' id='word_1_464' title='bbox 0 0 1514 4890; x_wconf 95' lang='lat' dir='ltr'> </span> 
     </span>
    </p>
   </div>
  </div>
 </body>
</html>
