2992 4890
543 849 1043 933 APPENDIXI.

558 1107 607 1157 ou
636 1106 735 1158 soon
764 1106 1036 1176 n,cc.23‚24.

240 1307 310 1368 Trrr
329 1307 476 1385 following
495 1305 640 1384 fragment
657 1307 692 1367 ol
705 1326 722 1366 a
737 1319 960 1383 contemporary
974 1317 1099 1366 account
1115 1306 1151 1364 os
1164 1305 1210 1365 the
1224 1306 1346 1364 disaster
1363 1303 1400 1361 os

200 1403 391 1464 Germanicus
410 1389 546 1482 by'Pedo
560 1405 767 1475 Albinovanus,
786 1404 928 1480 probably
942 1422 1000 1462 one
1022 1404 1056 1463 ol
1074 1404 1118 1462 his
1139 1403 1251 1463 officers
1272 1401 1334 1479 (see
1355 1419 1394 1460 on

204 1520 228 1559 r.
243 1503 291 1572 60,
309 1502 349 1579 a),
365 1501 458 1561 which
476 1501 529 1561 has
548 1503 621 1560 been
642 1502 794 1578 preserved
814 1502 852 1577 by
867 1499 909 1558 M.
927 1500 1037 1561 Seneca
1051 1500 1146 1579 (Suas.
1165 1520 1188 1558 r.
1208 1500 1267 1574 14),
1282 1500 1306 1556 is
1326 1497 1395 1555 here

200 1599 361 1677 subjoined,
383 1617 416 1657 as
436 1618 454 1658 a
475 1601 623 1676 specimen
645 1598 678 1659 oi
695 1616 778 1658 some
799 1597 833 1658 ol
850 1598 898 1658 the
919 1599 1047 1658 material
1068 1597 1142 1658 lrom
1161 1597 1254 1658 which
1272 1596 1396 1656 Tacitus

201 1713 267 1770 may
282 1694 354 1754 have
368 1695 427 1755 had
440 1707 472 1756 to
486 1697 564 1756 draw
579 1713 619 1772 up
632 1695 676 1754 his
690 1696 828 1754 narrative
838 1714 888 1753 :—

364 1883 428 1942 Iam
450 1884 560 1960 pridem
583 1894 649 1962 post
669 1892 749 1960 terga
770 1883 848 1941 diem
870 1881 1020 1960 solemque
1041 1883 1216 1960 relinquunt,

365 1980 428 2038 Iam
451 1980 561 2056 pridem
584 1981 660 2039 notis
680 1991 810 2038 extorres
831 1978 936 2038 tinibus
957 1980 1036 2039 orbis

364 2075 418 2136 Per
439 2095 499 2136 non
520 2095 675 2137 concessas
695 2077 820 2136 audaces
840 2076 882 2135 ire
903 2077 1036 2135 tenebras

364 2160 412 2232 Ad
433 2192 527 2232 rerum
549 2184 641 2232 metas
662 2185 847 2250 extremaque
868 2173 952 2232 litora
973 2173 1092 2246 mundi;

364 2269 452 2330 Nunc
474 2272 553 2330 illum
575 2272 665 2350 pigris
687 2271 823 2330 immania
844 2280 973 2329 monstra
994 2272 1047 2329 sub
1069 2270 1153 2329 undis

364 2368 422 2440 Qui
446 2368 516 2426 ierat
538 2368 699 2439 Oceanum,
721 2367 771 2444 qui
792 2385 892 2426 saevas
912 2367 1039 2444 undique
1060 2368 1156 2444 pristis

363 2466 593 2542 Aequoreosque
614 2483 710 2535 canes,
732 2465 838 2523 ratibus
859 2482 1033 2541 consurgere
1055 2465 1174 2541 prensis.

363 2563 537 2622 Accumulat
559 2563 655 2638 lragor
676 2563 738 2638 ipse
759 2575 861 2622 metus.
903 2561 966 2621 Iam
988 2562 1080 2620 sidere
1102 2562 1173 2621 limo

364 2659 487 2737 Navigia
507 2671 536 2718 et
557 2659 657 2736 rapido
679 2659 821 2718 desertam
842 2659 959 2718 flamine
981 2658 1103 2718 classem

365 2756 459 2833 Seque
482 2755 547 2816 seris
569 2757 689 2815 credunt
706 2775 758 2834 per
779 2757 880 2815 inertia
900 2754 957 2814 lata
978 2757 1097 2814 marinis

365 2852 444 2912 Tam
466 2873 525 2915 non
548 2854 621 2914 felici
642 2853 793 2913 laniandos
815 2864 890 2912 sorte
912 2853 1042 2930 relinqui.

364 2952 458 3027 Atque
479 2952 582 3028 aliquis
602 2969 687 3028 prora
708 2968 827 3009 caecum
848 2949 978 3008 sublimis
999 2950 1029 3008 in
1050 2949 1106 3008 alta

364 3050 441 3108 Ae'ra
461 3051 586 3126 pugnaci
609 3049 730 3108 luctatus
752 3066 883 3124 rumpere
905 3048 976 3119 visu,

365 3145 405 3204 Ut
427 3147 496 3205 nihil
519 3159 620 3223 erepto
642 3147 726 3204 valuit
748 3146 897 3204 dinoscere
919 3144 1040 3214 mundo,

364 3243 518 3303 Obstructa
539 3245 568 3301 in
590 3244 661 3302 tales
681 3243 802 3301 effundit
823 3253 942 3318 pectora
963 3258 1067 3300 voces:

364 3339 434 3412 Quo
456 3340 592 3399 ferimur?
621 3340 691 3417 lugit
713 3341 774 3416 ipse
795 3340 856 3398 dies
877 3341 1035 3415 orbemque
1057 3338 1185 3398 relictum

367 3435 477 3496 Ultima
498 3439 644 3514 perpetuis
664 3437 771 3496 claudit
793 3441 894 3495 natura
915 3436 1050 3494 tenebris.

365 3536 452 3593 Anne
473 3535 531 3593 alio
552 3536 662 3611 positas
683 3535 755 3594 ultra
777 3534 831 3592 sub
851 3533 966 3592 cardine
987 3543 1090 3608 gentes

365 3632 465 3708 Atque
486 3632 573 3690 alium
595 3631 694 3689 flabris
715 3633 854 3691 intactum
876 3629 1040 3707 quaerimus
1060 3630 1181 3688 orbern?

367 3727 405 3784 Di
426 3739 564 3788 revocant
585 3747 738 3806 rerumque
760 3739 856 3787 vetant
877 3745 1054 3802 cognoscere
1076 3725 1164 3784 finem

368 3823 507 3884 Mortales
528 3826 648 3886 oculos:
678 3825 772 3884 aliena
792 3825 862 3901 quid
883 3842 1009 3900 aequora
1031 3825 1117 3882 remis

366 3920 404 3980 Et
425 3939 524 3982 sacras
544 3924 685 3983 violamus
707 3940 797 4003 aquas
818 3921 973 3999 divumque
995 3922 1107 4000 quietas

368 4017 534 4079 Turbamus
556 4021 658 4081 sedes?
